4034 5632
685 392 688 403 „
809 233 1195 374 ---1'4-.-

134 508 283 596 profecto
310 509 447 592 putasne
474 498 710 576 Athenienses,
739 494 769 561 si
797 494 908 559 omnia
934 494 979 558 iis
1007 514 1051 559 ex
1072 493 1237 560 sententia
1256 495 1509 579 successissent,
1538 497 1569 561 ai
1597 500 1789 584 expugnata
1808 495 1873 560 si·-

134 609 234 689 cilia‚
263 604 392 690 Libya,
421 599 810 682 ltaliavl'eloponnesum
833 595 1036 675 cinxissent,
1068 595 1246 680 hostesque
1265 597 1464 662 necessitate
1483 595 1688 684 coegissent,
1716 600 1753 662 ut
1772 615 1811 662 ip
1831 595 1875 660 ii.

134 713 214 775 bem
234 707 381 794 ipsorum
404 700 543 794 arbitrio
565 698 808 786 permitterent,
831 695 912 761 satis
932 694 1108 760 habituros
1125 695 1241 771 fuisse,
1261 693 1443 780 Spartanos
1459 696 1530 762 sibi
1545 697 1727 763 concedere
1747 695 1875 782 prinei.

133 816 261 898 patum,
283 827 323 873 eo
343 803 473 870 scilicet
492 799 689 863 imminente
711 794 878 880 periculo,
906 816 949 859 ne
977 794 1107 858 viribus
1133 793 1291 861 recreatis
1318 801 1419 879 atque
1445 795 1523 861 data
1549 796 1723 863 musione
1750 797 1874 860 item

133 911 172 974 in'
191 904 369 973 discrimen
389 902 485 966 illum
507 903 688 963 vocarent?
1398 902 1401 909 ·
1426 904 1429 909 ·

215 1006 370 1071 Refutato
391 1002 515 1087 igitur,
538 1004 694 1085 quantum
717 1016 776 1079 per
797 995 889 1059 vires
910 997 1041 1057 nostras
1063 992 1204 1076 licebat,
1224 991 1430 1078 soevemio,
1452 995 1641 1081 prinsquam
1662 995 1706 1059 ad
1727 1003 1873 1061 nocuae
1948 1022 1952 1031 ,

134 1111 177 1174 de
198 1106 315 1172 avibus
334 1101 532 1167 sententiam
554 1095 786 1183 explicandam
807 1091 1005 1173 transimus,
1033 1091 1096 1157 hoc
1125 1114 1226 1159 anun
1253 1094 1378 1161 addere
1406 1095 1525 1178 liceat,
1552 1114 1605 1160 me
1634 1095 1777 1181 primum
1797 1093 1873 1178 qui.
1960 1112 1965 1119 =

132 1211 207 1274 dem
229 1224 329 1290 aeque
350 1222 388 1265 ac
405 1198 586 1264 Timmium
607 1199 658 1280 (p.
675 1198 717 1260 66
736 1197 812 1278 sq.),
834 1189 1185 1258 sententiaSuevernii
1208 1212 1344 1279 proram
1365 1193 1873 1277 inversa,·hoc·iuisseAriite.

133 1300 252 1397 phanis
268 1302 443 1370 consilium
462 1299 657 1362 arbitratum
682 1314 765 1374 esse,
787 1300 824 1357 ut
845 1291 1089 1356 commendaret
1110 1291 1220 1377 potius
1232 1294 1442 1360 Alcibiadem
1455 1294 1728 1376 Adueniensibas,
1750 1293 1872 1380 quippe

133 1408 265 1474 unicum
295 1405 347 1469 rei
375 1396 594 1485 perficiendae
623 1401 733 1480 aptum
762 1397 795 1455 ct
823 1392 997 1475 idoneum,
1024 1400 1140 1478 utpote
1171 1399 1264 1479 cajus
1290 1396 1469 1482 prudentia
1495 1396 1637 1474 fiat,'ut
1663 1397 1773 1463 arium
1795 1397 1819 1461 i.
1840 1417 1871 1460 e.

132 1505 383 1575 Atheniensium
406 1497 593 1586 respublica
614 1498 657 1559 ad
677 1511 836 1559 mmmnm
857 1494 992 1579 imperii
1012 1494 1183 1581 fastigium
1202 1495 1387 1579 evehatur,
1400 1495 1461 1583 qni
1479 1517 1527 1562 ex
1550 1495 1723 1562 incondita
1741 1502 1775 1562 et
1794 1491 1877 1561 rudi

133 1628 204 1674 eam
231 1605 351 1670 reddat
378 1600 562 1665 ordinatam
590 1604 624 1660 et
646 1596 730 1659 bene
751 1595 988 1680 compositam,
1018 1593 1169 1658 homines
1195 1604 1334 1683 aequm
1356 1600 1391 1661 et
1408 1597 1582 1684 improbos
1603 1595 1770 1682 expellat,
1796 1596 1872 1659 aui-

35 1696 40 1706 ’
133 1722 204 1774 mos
227 1700 451 1771 inconstantes
481 1720 519 1762 ac
547 1696 715 1761 volubiles
743 1693 991 1760 Atheniensium
1018 1695 1222 1759 corroboret.
1240 1701 1275 1760 et
1301 1695 1483 1763 confirmet.
1540 1697 1607 1763 Sed
1632 1708 1735 1783 'qaum
1769 1696 1873 1761 multa

133 1810 282 1875 viderem
310 1801 387 1867 huic
412 1798 594 1866 sententiae
622 1797 771 1875 obstare,
801 1815 885 1880 quae
913 1794 991 1880 ipse·
1014 1794 1115 1858 facilc
1135 1793 1336 1881 intelliges,
1372 1818 1479 1882 neque
1505 1795 1687 1860 Timmium
1716 1796 1873 1879 fugeruut

134 1911 247 1995 (p.·68
267 1905 343 1988 sq.),
365 1907 398 1965 et
418 1896 594 1983 repudiavi
616 1915 704 1970 eam,
742 1898 776 1957 ct
803 1895 840 1957 in
862 1913 917 1977 ea,
953 1912 1047 1980 quam
1075 1915 1164 1958 nunc
1184 1897 1369 1979 proferam,
1401 1902 1480 1980 inre
1508 1895 1693 1980 mentoque
1711 1895 1796 1959 mihi
1818 1894 1871 1961 vi-

135 2010 216 2074 ⁶0⁰?
242 2005 339 2090 ll⁰⁸⁸0
366 1997 585 2082 ³⁰q⁰i⁰⁵⁰effl
607 2029 649 2042 ““
679 1993 779 2070 Qu⁰d
806 2013 906 2078 iulii¹
932 1992 1044 2057 ¹¹¹⁰ffl¹l
1066 1994 1102 2056 ᾗ]
1123 1992 1354 2076 diiudicandis
1379 1996 1615 2082 Aristophanis
1645 1994 1770 2061 tabulis
1799 2014 1872 2061 osse

134 2107 329 2183 tenendum,
353 2096 606 2183 Aristophanem
628 2093 825 2159 arctissimis
846 2093 1038 2158 adstrictum
1060 2093 1166 2158 fuisse
1184 2093 1328 2160 vinculis
1349 2097 1393 2160 ad
1413 2097 1533 2162 aetatis
1553 2114 1632 2162 suae
1652 2094 1872 2177 conditiones,

135 2215 169 2274 et
189 2228 234 2272 ex
254 2225 294 2268 eo
315 2204 391 2288 ipso
412 2206 579 2282 tempore,
601 2215 667 2279 quo
688 2212 836 2279 quaeque
855 2191 969 2257 tabula
988 2201 1061 2257 acta
1080 2199 1149 2275 est,
1168 2195 1409 2280 explicationis
1424 2202 1470 2259 ii.
1485 2194 1773 2278 interpretationis
1794 2195 1872 2258 fun,

135 2309 323 2372 damentum
346 2318 419 2366 csse
441 2296 635 2383 petendum,
664 2294 728 2358 hoc
748 2294 804 2359 vel
826 2294 968 2358 maxime
988 2295 1025 2358 ia
1047 2313 1124 2358 aves
1144 2315 1274 2379 quoque
1302 2295 1401 2361 radit.
1449 2296 1556 2378 Cujus
1584 2300 1809 2381 argumentum
1834 2296 1872 2358 in

135 2430 176 2474 eo
197 2405 378 2474 consistere
400 2397 688 2485 quam-viderem,
717 2402 753 2459 ut
781 2395 945 2480 inceptum
973 2395 1133 2480 quoddam
1163 2394 1262 2459 inane
1293 2403 1425 2461 auctore
1452 2416 1533 2461 sene
1554 2401 1664 2461 astuto
1683 2394 1872 2482 callidoque

135 2507 369 2594 perficeretur,
392 2506 461 2581 jam
485 2497 663 2582 diligenter
685 2494 881 2579 quaerebam
902 2499 937 2557 et
955 2493 1278 2580 circumspiciebam,
1304 2496 1468 2581 quomodo
1489 2495 1524 2559 ia
1545 2494 1652 2580 ipsius
1673 2495 1769 2560 illius
1789 2500 1871 2559 tem-

136 2608 248 2695 poris,
278 2622 342 2690 quo
372 2621 450 2664 aves
479 2599 593 2662 doctae
622 2602 715 2676 sunt,
756 2593 941 2660 rationibus
969 2601 1003 2659 'et
1028 2612 1125 2660 caasa
1152 2599 1188 2657 et
1215 2595 1369 2661 materies
1385 2595 1508 2659 inesse
1535 2595 1872 2679 potueritejusmedi

136 2706 269 2772 fabulae
289 2698 543 2786 componendae.
584 2697 698 2781 Atque
726 2713 932 2778 quamquam·
950 2693 1047 2758 valde
1073 2692 1239 2757 abhorreo
1261 2714 1280 2757 a
1303 2693 1485 2761 Suevernii'
1509 2693 1691 2777 sententia,
1721 2694 1872 2760 lubenter

136 2816 244 2873 tamen
265 2804 389 2882 fateor,
420 2798 561 2883 legendo
583 2799 654 2878 ejus
676 2792 980 2857 commentationem
997 2793 1161 2876 judicium
1183 2794 1226 2857 de
1247 2794 1365 2861 avibus
1391 2793 1482 2857 mihi·
1498 2795 1754 2872 conformatum,
1783 2795 1872 2880 quod

134 2912 204 2992 jam
233 2904 353 2969 dudum
383 2900 553 2963 obscurum
581 2893 716 2979 quidem
739 2912 799 2957 nec
819 2891 967 2956 dilucide
981 2912 1175 2976 expressum
1196 2895 1298 2958 menti
1319 2894 1567 2970 obversabatur,
1588 2894 1766 2971 discussis,
1783 2913 1871 2980 quae

138 3007 287 3085 aderant,
308 2999 466 3076 tenebris,
486 2994 609 3061 clarius
632 3000 666 3057 et
686 2991 875 3058 distinctius
896 2994 1050 3059 evasisse.
1084 2990 1250 3057 Nimirum
1261 2993 1501 3079 Aristophanes
1521 3014 1590 3058 non
1609 2994 1744 3079 quidem
1762 2995 1871 3080 ipsam

138 3102 386 3192 expeditionem
410 3096 572 3176 Siculam,
593 3100 753 3179 quatenus
775 3092 817 3156 ad
839 3093 944 3156 solam
967 3076 1115 3156 Siciliam
1137 3085 1341 3176 pertinebat,
1362 3097 1429 3159 sed
1455 3112 1634 3182 quaecum
1656 3114 1696 3158 ea
1716 3095 1871 3163 cohaere·

138 3208 229 3286 bant,
251 3201 366 3267 saules
388 3195 635 3263 Atheniensium
659 3190 922 3277 exspectationes
944 3212 1096 3276 maraque
1117 3194 1247 3258 somnia
1266 3194 1408 3276 deridet,
1429 3195 1565 3258 omnino
1586 3193 1754 3268 levitatem
1772 3195 1872 3263 Athe.

139 3305 322 3384 niensium,
346 3297 592 3376 credulitatem,
629 3314 737 3360 rerum
762 3312 920 3357 novarum
942 3291 1260 3378 cupiditatem,-qua
1280 3294 1387 3377 possit
1413 3293 1568 3376 evenire,
1602 3300 1640 3359 ut
1660 3294 1872 3361 callidissimi

140 3396 288 3488 cujusvis
307 3398 455 3464 hominis
476 3396 572 3462 vanis
592 3414 631 3458 ac
651 3391 873 3459 fraudulentis
894 3392 1064 3476 promissis
1088 3392 1342 3477 morigerantes,
1363 3413 1400 3460 se
1421 3392 1495 3480 rapi
1517 3415 1556 3459 ac
1575 3395 1690 3461 induci
1705 3396 1873 3481 patiantur

141 3508 183 3571 ad
210 3500 420 3586 suscipienda
446 3518 502 3579 ea,
531 3514 632 3580 quae,
661 3514 759 3576 quum
784 3492 931 3577 ipsorum
953 3491 1042 3557 vires
1064 3492 1170 3575 ‘longe
1197 3498 1353 3576 superent
1380 3515 1442 3559 nec
1469 3494 1547 3559 iiio·
1561 3494 1696 3560 homine
1716 3496 1806 3562 ,Μ
1831 3514 1872 3561 ‚w

140 3606 359 3693 gubernatore
381 3597 510 3684 possint
530 3614 662 3685 carere,
691 3592 727 3656 in
748 3597 820 3675 ejus
840 3596 1039 3678 potestatem·
1058 3593 1279 3658 ecditioaem
1311 3610 1368 3661 eos
1396 3594 1568 3679 redigen-t,
1597 3596 1645 3664 ita
1666 3604 1702 3659 vt
1722 3595 1870 3680 ipserum

84 3750 88 3756 -
141 3715 305 3795 tyrannus
332 3719 370 3765 ac
397 3695 549 3760 dominos
578 3694 706 3758 evadat.
755 3693 840 3758 Nam
861 3691 926 3756 hoc
952 3691 1084 3775 quidem
1116 3691 1308 3778 unicuique,
1337 3693 1437 3758 finem
1457 3694 1750 3778 fabulaeqegeng
1776 3715 1872 3761 accu-

141 3807 309 3888 ratiusque
338 3795 579 3876 consideranti,
613 3813 684 3857 cum
715 3792 898 3857 Soevernio
930 3797 1062 3876 oportet
1093 3800 1260 3874 constare,
1296 3813 1361 3858 una
1392 3815 1463 3857 cum
1491 3794 1628 3860 Basilea
1658 3795 1870 3879 tymnnidim

141 3904 354 3972 Pisthetacro
376 3894 518 3976 deterri,
546 3900 675 3981 poetam
700 3892 801 3979 igitur
828 3892 948 3957 dooere
972 3892 1142 3968 voluisse,¹
1158 3893 1257 3959 unius
1285 3893 1545 3965 uornieauoneu
1572 3894 1763 3960 necessario
1789 3896 1872 3962 inde

142 4003 308 4090 consequi.
360 3994 553 4075 Quodnisi
580 4003 698 4080 poetae
726 3993 903 4058 consilium
931 3991 1059 4058 fuisset·
1078 3993 1322 4069 demonstrare,
1350 3992 1430 4056 finis
1456 3993 1589 4058 fabulae
1618 4009 1758 4080 prorsus
1786 3997 1871 4062 alius

143 4126 214 4172 esse
236 4102 394 4176 debebat3
423 4095 609 4161 sufficiebat
637 4099 801 4178 sceptrum
830 4093 947 4156 avibus
975 4091 1147 4174 traditum,
1174 4113 1236 4156 nec
1260 4112 1341 4158 vero
1358 4105 1462 4177 opus,
1476 4097 1548 4157 erat
1572 4092 1698 4178 nuptiis
1719 4093 1873 4160 Basiim

143 4189 321 4293 splendida
355 4217 475 4286 pompa
508 4193 702 4275 celebratis,
742 4213 837 4279 quam
872 4191 902 4256 si
932 4191 1070 4256 haberet
1096 4190 1343 4270 Pisthetaorus,
1376 4193 1491 4257 omnia
1524 4213 1597 4258 enm
1632 4194 1757 4259 habere
1785 4194 1873 4260 Pro.

143 4305 289 4372 metheus
310 4300 452 4365 dixerat.
475 4332 515 4344 -

179 4430 182 4435 ·
224 4404 352 4481 Vides,
380 4421 433 4464 me
461 4396 613 4484 proxime
640 4395 795 4459 accedere
822 4394 865 4458 ad
891 4391 1105 4459 Thomasium
1128 4395 1221 4477 (pag.
1243 4393 1282 4456 ii
1304 4393 1386 4474 sq.),
1421 4390 1583 4473 „deridet
1609 4391 1670 4457 hac
1697 4391 1874 4476 splendida

143 4505 288 4592 imagine
308 4500 512 4564 debilitatem
541 4496 668 4583 pariter
697 4516 734 4558 ac
761 4493 930 4561 levitatem
945 4493 1224 4574 Atheniensium,
1252 4508 1316 4576 qua
1343 4491 1487 4576 potnerit
1511 4490 1667 4573 evenire,
1698 4501 1734 4557 nt
1759 4493 1874 4579 loqui.

145 4607 278 4674 cissimo
298 4600 414 4684 cuique
435 4598 565 4663 homini
587 4595 746 4660 facillime
767 4599 923 4680 gererent
951 4615 1090 4675 morem,
1119 4615 1181 4663 nec
1208 4593 1267 4657 diu
1295 4591 1496 4658 haesitantes
1524 4592 1580 4656 vel
1608 4594 1873 4677 perversissimis

146 4714 217 4792 ejus
239 4703 416 4769 obedirent
436 4698 588 4764 consiliis
609 4704 707 4779 atque
729 4694 935 4761 immemores
958 4695 1047 4777 iuris
1067 4694 1201 4759 humani
1226 4701 1258 4758 et
1279 4691 1432 4776 antiquae
1454 4691 1630 4777 religionis
1654 4689 1872 4776 ipsumillum

146 4810 385 4872 venerarentur
413 4805 633 4883 augerentque
660 4796 765 4861 veluti
795 4816 904 4880 regem
934 4794 1218 4882 ao,priuoipem,“
1246 4813 1341 4878 quem
1370 4793 1406 4856 in
1420 4814 1474 4857 reo
1492 4812 1521 4855 -a
1541 4793 1681 4856 veritate
1702 4793 1875 4860 aberrasse

147 4925 282 4987 censeo,
311 4901 399 4987 quod
427 4904 626 4982 temporum,
655 4897 774 4983 quibus
796 4916 872 4961 aves
894 4895 1009 4961 doctae
1029 4902 1121 4972 sunt,
1142 4894 1288 4959 rationes
1308 4913 1376 4957 non
1397 4899 1563 4959 assecutus
1585 4898 1645 4956 est
1688 4891 1770 4958 Noli
1792 4915 1874 4965 vero

147 5001 294 5087 cogitare
314 5000 357 5065 ‹le
377 4998 539 5084 allegoria
559 4995 783 5082 expeditionis
804 4993 1012 5076 Siciliensis,
1028 5016 1099 5061 una
1118 5000 1153 5060 et
1173 4993 1263 5075 sola,
1291 5011 1374 5078 quae
1395 5010 1465 5056 eam
1482 4994 1574 5061 iuter
1593 4994 1875 5078 nostramqueta-
