4034 5632
811 253 1190 341 *lg-,-

138 469 226 537 mar
245 465 313 551 nod)
336 467 424 534 tinent
445 465 544 550 utone
566 465 702 550 tentipirt
722 464 846 557 mathat
887 468 931 531 At
951 466 1013 530 hac
1028 466 1139 549 jocosi
1160 464 1355 537 definitione
1383 469 1492 535 omnis
1517 470 1600 535 mihi
1621 419 1755 538 videtur
1775 417 1877 540 ruere

138 576 172 634 et
200 568 305 633 dilabi
333 590 404 646 ars,
438 587 513 631 nam
540 568 628 652 quod
656 565 784 629 nullum
813 564 1009 648 consilium,
1046 567 1169 630 nullam
1201 568 1418 635 stabilitatem
1445 591 1486 635 ac
1501 574 1732 638 'constantiam
1759 572 1882 656 habet„

138 671 226 753 quod
247 673 320 732 utut
340 668 423 732 libet
442 672 558 751 poetae
580 665 734 730 adhiberi
757 671 882 750 potest,
904 666 960 730 vel
981 666 1084 731 totius
1111 667 1244 732 fabulae
1270 667 1481 751 barmoniae,
1510 691 1604 756 quam
1627 672 1785 754 dicimus,
1814 673 1875 739 de·
1966 686 1969 692 ’

138 770 294 834 trimento
322 788 458 854 magno,
486 771 581 851 eujus
609 770 700 829 certa
727 783 844 829 norma
872 786 911 830 ac
944 767 1059 850 regula
1089 787 1155 830 non
1184 774 1252 849 est,
1281 769 1398 854 nequit
1425 790 1498 837 esse
1524 773 1608 838 artis
1635 779 1875 860 argumentum.

137 868 300 955 Equidem
321 868 528 932 Pisthetaeri
550 863 669 951 agendi
692 865 852 930 rationem
875 864 1009 929 minime
1031 886 1215 951 repugnare
1236 872 1308 950 ejus
1331 868 1467 955 ingenio
1484 874 1716 957 moribusque,
1738 873 1875 938 demon·

138 976 247 1037 strare
272 970 425 1034 conabor.
482 967 631 1032 Athenae
665 986 731 1029 non
766 965 968 1051 amplius-ei
1003 966 1150 1052 placent,
1185 967 1386 1036 libidinibus
1412 975 1454 1034 et.
1468 971 1720 1057 cupiditatibus
1746 970 1874 1058 nequit,
1983 1021 1986 1028 .

139 1076 293 1157 quantum
321 1075 372 1134 sat
400 1073 451 1134 est
478 1073 590 1151 atque.
600 1071 715 1149 juvat,
750 1065 959 1147 satisfacere,
996 1085 1071 1129 nam
1099 1074 1132 1130 et
1160 1087 1236 1133 aere
1263 1069 1374 1134 alieno
1402 1071 1539 1136 obrutus
1553 1076 1616 1138 ¹est
1644 1060 1723 1150 (cfr.
1744 1095 1792 1139 vs.
1813 1075 1875 1153 383

139 1192 190 1238 vs.
213 1174 271 1237 115
292 1171 368 1256 sq),
397 1176 431 1233 et
458 1166 733 1254 sycophantarum
762 1165 937 1253 litiumque
966 1168 1085 1232 timore
1112 1170 1362 1249 venaturicir.
1384 1188 1433 1234 vs.
1454 1174 1497 1237 4⁰
1519 1175 1595 1255 sq).
1651 1171 1875 1237 Athenienses

139 1277 321 1353 aversatur,
349 1290 422 1334 cum
443 1267 553 1354 iisque
574 1268 699 1332 nullam
720 1266 788 1331 sibi
801 1287 879 1330 rem
901 1286 974 1333 esse
995 1267 1076 1333 vult.
1125 1266 1266 1343 Quaerit
1285 1271 1418 1351 urbem,
1445 1271 1503 1334 ubi
1530 1272 1741 1359 tranquillam
1766 1272 1876 1358 placi-

140 1371 277 1458 damque
297 1369 406 1456 possit
426 1367 610 1452 transigere
632 1369 752 1448 vitam,
774 1366 1061 1453 voluptatumque,
1090 1366 1209 1452 quibus
1229 1369 1374 1435 maxime
1390 1370 1527 1455 gaudet,
1547 1373 1785 1457 explendarum
1805 1371 1875 1437 sibi

140 1473 217 1538 data
236 1472 283 1538 sit
304 1469 453 1535 facultas.
501 1469 618 1534 Talem
647 1469 779 1533 invenit
807 1467 896 1560 apud
923 1487 1020 1545 aves,
1049 1467 1235 1551 callideque
1255 1468 1375 1547 elficit,
1406 1476 1441 1535 ut
1462 1471 1535 1557 ipse
1556 1492 1668 1537 earum
1688 1470 1784 1559 quasi
1804 1473 1875 1537 dux

141 1577 175 1635 et
202 1591 265 1636 rex
292 1575 431 1634 creetur.
483 1568 560 1633 dam
588 1567 692 1653 igitur
721 1586 804 1651 quae
834 1567 1005 1653 cupiebat,
1040 1567 1073 1631 ei
1101 1566 1328 1654 contigerunt,
1363 1577 1461 1652 atque
1489 1572 1571 1637 adeo
1598 1592 1689 1657 spem
1716 1578 1788 1656 ejus
1819 1593 1876 1637 su·

140 1677 357 1756 paraverunt,
381 1674 451 1750 jam
473 1669 669 1734 stolidarum
691 1666 800 1731 avium
822 1667 1005 1752 imperator
1025 1665 1137 1731 omnia
1158 1673 1267 1752 potest
1286 1668 1462 1752 perlicere,
1493 1671 1548 1737 vel
1576 1670 1668 1757 ipsos
1696 1672 1777 1736 deos
1797 1691 1875 1757 spes

141 1777 195 1836 est
221 1769 383 1834 devictum
412 1767 475 1845 iri,
504 1768 686 1852 avibusque
713 1785 927 1832 concessuros
954 1776 1027 1831 esse
1053 1787 1212 1831 summum
1236 1768 1425 1852 imperium.¹
1473 1767 1539 1835 Sed
1563 1769 1746 1835 adveniunt
1766 1792 1875 1836 novae

141 1870 235 1936 urbis
256 1869 425 1935 commoda
445 1888 517 1931 cum
538 1888 578 1932 eo
599 1866 887 1948 communicaturi,
909 1864 945 1928 in
966 1863 1084 1951 quibus
1106 1866 1316 1953 expellendis
1332 1891 1400 1933 non
1417 1871 1513 1934 modo
1535 1890 1601 1933 non
1622 1891 1729 1935 secum
1749 1878 1876 1957 pugnat

142 1970 391 2050 Pislhetaerus‚
419 1968 519 2031 immo
541 1987 623 2032 vcro
644 1982 769 2032 summa
790 1971 861 2047 ejus
883 1965 1050 2031 calliditas
1072 1977 1115 2030 ac=
1131 1967 1308 2050 prudentia
1326 1969 1483 2034 cernitur.
1530 1969 1614 2033 Nam
1636 1973 1777 2054 primum
1800 1973 1876 2054 qui·

142 2071 217 2135 dem
238 2088 258 2133 a
277 2077 376 2153 poeta
403 2087 468 2130 uon
498 2066 691 2152 depingitur
718 2065 818 2130 homo
844 2074 908 2131 tam
937 2063 1084 2129 nefarius
1112 2070 1146 2128 et
1171 2066 1345 2145 scelestus,
1377 2076 1412 2134 ut
1438 2071 1492 2134 vel
1523 2069 1738 2154 parricidium
1769 2070 1876 2158 possit

142 2171 302 2258 probare,
337 2174 374 2233 ut
400 2187 469 2231 non
496 2169 679 2233 detestetur
706 2167 984 2252 sycophantarum
1013 2170 1116 2230 artem
1143 2166 1425 2250 sordidissimam,
1461 2169 1583 2233 deinde
1612 2169 1706 2234 hisce
1733 2170 1876 2234 homun-

142 2268 292 2336 cionibus
312 2268 347 2332 iu
369 2268 479 2331 avium
501 2287 636 2352 regnum
659 2266 819 2352 receptis,
841 2287 951 2331 nonne
967 2266 1172 2330 metuendum
1194 2273 1283 2348 erat,
1306 2289 1364 2348 ne,
1387 2269 1615 2335 disseminatis
1631 2289 1670 2333 ae
1691 2271 1876 2354 divulgatis

143 2370 310 2435 similibus
332 2369 519 2446 sententiis,
542 2368 779 2454 tranquillane
800 2366 912 2433 suavis
934 2367 1027 2452 regni
1048 2366 1197 2431 conditio
1218 2367 1421 2451 inficeretur,
1443 2393 1497 2452 ne,
1520 2371 1607 2457 quod
1623 2390 1748 2434 summo
1761 2370 1876 2435 labore

143 2493 181 2537 ac
206 2471 317 2534 studio
345 2476 380 2533 et
406 2469 594 2553 quaesierat
622 2475 655 2533 et
681 2469 819 2554 adeptus
843 2473 938 2549 erat,
974 2467 1074 2533 otium
1103 2469 1311 2553 turbaretur,
1347 2470 1522 2557 imperium
1552 2471 1746 2542 translatum
1776 2471 1876 2535 dimi·

143 2578 314 2651 nueretur,
342 2589 400 2650 ne,
423 2589 506 2651 quae
526 2568 666 2633 Athenis
689 2568 850 2634 decedens
872 2568 1015 2652 fugerat,
1043 2565 1248 2647 discordiae,
1271 2572 1401 2650 turbae,
1431 2570 1616 2637 seditiones
1636 2574 1704 2651 jam
1727 2569 1878 2636 redirent

143 2670 318 2753 omniaque
344 2668 601 2752 permiscerent?
659 2669 726 2732 Eas
757 2673 885 2732 tantum
911 2668 1016 2752 leges,
1045 2688 1102 2731 eos
1130 2687 1257 2750 mores,
1288 2690 1359 2733 eum
1392 2690 1505 2734 rerum>
1530 2670 1680 2735 ordinem
1710 2670 1877 2757 permittit

144 2768 391 2845 Pislhetaerus‚
419 2769 476 2855 qui
505 2787 566 2832 nec
593 2766 679 2853 ipsi,
710 2788 771 2832 uec
798 2767 908 2832 avium
936 2788 1037 2852 regno
1066 2778 1190 2832 noceat.
1248 2770 1346 2847 Quod
1373 2790 1454 2834 vero
1483 2771 1720 2857 Aristophanes
1748 2791 1877 2855 quoque

144 2873 224 2937 odio
245 2894 301 2939 eos
323 2871 552 2959 persequitur,
574 2891 671 2937 causa
692 2891 765 2936 esse
786 2874 975 2955 nequit,·ut
992 2870 1237 2937 Pisthetaerum
1259 2878 1406 2934 naturam
1428 2891 1519 2936 suam
1541 2871 1672 2938 exuisse
1693 2877 1726 2935 et
1747 2876 1878 2957 poetam

144 2974 183 3038 in
210 2976 280 3055 ejus
309 2972 415 3036 locum
443 2973 640 3039 successisse
667 2977 863 3063 statuamus.¹
907 2973 1090 3050 Quaerenti
1113 2990 1199 3036 ‘vero
1226 2971 1308 3056 quid
1336 2971 1398 3036 hac
1426 2972 1621 3059 expulsione
1646 2972 1712 3038 sibi
1733 2971 1879 3037 voluerit

145 3079 242 3161 poeta
262 3077 295 3136 et
311 3071 480 3156 ¹quomodo
501 3071 562 3136 illa
585 3071 729 3136 arctiore
749 3071 884 3136 vinculo
906 3072 1078 3136 cohaereat
1098 3093 1171 3135 curn
1193 3072 1313 3137 ceteris
1340 3071 1473 3136 fabulae
1501 3072 1668 3157 partibus,
1696 3074 1759 3137 hoc
1787 3073 1879 3137 lubet

145 3172 362 3258 respondere,
391 3177 521 3258 poetam
542 3171 579 3234 id
600 3171 807 3256 potissimum
829 3172 955 3257 egisse,
984 3176 1020 3235 ut
1040 3172 1246 3252 ostenderet,
1273 3176 1394 3257 quanta
1416 3182 1542 3236 morum
1567 3173 1777 3257 depravatio,
1805 3155 1878 3235 tan·

145 3286 241 3362 quarn
261 3275 411 3356 morbus,
433 3272 469 3336 in
490 3293 602 3343 omnes
618 3271 764 3338 civitatis
786 3280 896 3358 partes
919 3272 1114 3354 invasisset,
1137 3270 1223 3335 nihil
1243 3271 1322 3337 inde
1345 3292 1442 3357 posse
1462 3271 1616 3356 prodire,
1638 3271 1706 3336 nisi
1728 3269 1878 3337 homines

146 3374 296 3462 perditos
318 3380 351 3438 et
372 3377 555 3458 corruptos.
578 3405 618 3416 -

227 3474 361 3556 Restat,
384 3481 437 3555 ut,
459 3491 541 3559 quae
564 3469 764 3538 Suevernius
785 3472 828 3535 de
849 3471 983 3536 deorum
1003 3471 1251 3555 significatione
1272 3478 1304 3535 et
1325 3471 1425 3538 totius
1446 3473 1578 3537 fabulae
1604 3469 1745 3537 consilio
1767 3469 1878 3556 dispu-

147 3576 248 3658 tavit,
278 3573 427 3638 breviter
454 3573 676 3642 examinemus
705 3578 741 3637 et
760 3574 1009 3660 perpendamus.
1060 3573 1243 3658 Exspectas
1265 3591 1362 3653 sane,
1396 3592 1493 3657 quum
1520 3573 1579 3637 sub
1602 3572 1736 3635 deorum
1766 3572 1877 3656 specie

147 3675 327 3761 Spartanos
354 3674 449 3766 nobis
477 3674 668 3739 adumbrari
696 3670 900 3741 Suevernius
928 3675 1121 3755 contendat,
1158 3695 1268 3741 mores
1301 3674 1485 3759 agendique
1513 3677 1673 3740 rationem
1704 3673 1877 3757 Spartanis

147 3777 254 3862 aptari]
276 3780 309 3840 et
328 3775 610 3839 accommodatam.
658 3772 757 3837 Nihil
782 3776 963 3859 ejusmodi,
991 3777 1078 3860 quod
1107 3775 1181 3861 ipse
1207 3777 1263 3840 vir
1290 3777 1405 3841 doctus
1426 3774 1579 3839 confiteri
1607 3773 1739 3840 videtur
1760 3775 1875 3855 (Suev.

147 3897 179 3960 p.
200 3878 251 3956 8).
294 3874 457 3940 Omnibus
479 3875 589 3957 enirn,
617 3875 736 3961 quibus
759 3876 996 3960 Athenienses,
1024 3875 1119 3940 vitiis
1142 3875 1259 3940 imbuti
1280 3883 1313 3943 et
1334 3875 1443 3940 obruti
1465 3880 1558 3953 suut3
1590 3875 1740 3962 corporis
1762 3874 1878 3939 libidi-

148 3976 245 4042 nibus
273 3976 449 4061 indulgent
477 3975 556 4055 (cfr.
578 3997 626 4042 vs.
649 3979 711 4042 556
732 3997 779 4062 sq.
783 3980 812 4058 ),
841 3998 972 4043 suarum
998 3997 1107 4041 rerum
1135 3977 1359 4065 unusquisque
1386 3981 1443 4042 est
1462 3974 1647 4056 studiosus,
1677 3974 1878 4050 suatavam,

148 4079 339 4158 discordes,
367 4079 503 4163 perfidi,
532 4084 565 4144 et
590 4079 790 4144 democratia
819 4080 917 4146 attica
939 4081 1092 4167 legesque
1113 4080 1232 4145 atticae
1252 4077 1339 4161 apud
1360 4097 1416 4142 eos
1438 4095 1576 4161 regnare
1602 4074 1771 4159 finguntur
1797 4074 1876 4152 (cfr.

148 4201 197 4244 vs.
221 4185 317 4259 157115
348 4184 426 4246 1649
447 4182 530 4263 sq),
565 4180 613 4243 ita
642 4184 678 4244 ut
705 4185 810 4261 major
837 4179 1023 4246 intercedat
1055 4199 1112 4243 eos
1146 4178 1234 4242 inter
1258 4182 1292 4239 et
1320 4176 1538 4240 Athenienses
1566 4174 1752 4240 similitudo
1779 4193 1878 4287 quam

149 4280 238 4344 inter
259 4281 447 4366 Spartanos.
490 4278 597 4355 Qui
582 4300 653 4363 pam
681 4279 757 4344 fieri
784 4288 909 4367 potest,
944 4286 980 4344 ut
1006 4279 1157 4365 cuiquam
1186 4294 1376 4363 persuasum
1397 4275 1456 4352 sit,
1485 4277 1604 4339 bonum
1627 4283 1754 4362 poetam
1776 4272 1877 4340 iniis

144 4401 380 4466 expressarum
401 4378 536 4444 fuisse
525 4379 704 4465 imaginem
725 4379 1096 4446 Lacedaemoniorum?
1131 4376 1331 4443 Suevernius
1360 4375 1491 4462 quidem
1525 4396 1595 4439 eam
1625 4377 1667 4438 ob
1694 4392 1821 4438 causam
1843 4374 1879 4438 id

150 4487 243 4569 putat
269 4486 386 4564 poetae
421 4480 573 4563 licuisse,
607 4479 761 4566 quoniam
790 4487 856 4545 tum
886 4479 1044 4566 temporis
1059 4474 1268 4542 auctoritate
1297 4483 1331 4541 et
1365 4476 1484 4560 opibus
1512 4474 1668 4563 Spartani
1702 4471 1877 4557 plurimum

149 4583 358 4650 valuerint
348 4603 385 4645 ιιι
415 4582 558 4647 Graecia
587 4581 852 4667 (Suev.p.18).
911 4582 1024 4659 Quid?
1058 4581 1147 4666 quod
1181 4585 1307 4643 tanturn
1343 4578 1452 4659 abest,
1488 4583 1524 4640 ut
1551 4573 1805 4639 Lacedaemonii
1840 4593 1879 4637 eo

149 4686 298 4772 potuisse
318 4682 439 4747 adduci
460 4685 597 4768 putandi
619 4684 704 4765 sint,
731 4688 768 4745 ut
788 4705 859 4748 cum
881 4682 1141 4748 Atheniensibus
1165 4679 1283 4745 foedus
1304 4675 1515 4741 inirent-tam
1544 4672 1816 4760 ignominiosum,
1845 4680 1882 4738 ut

150 4786 305 4852 maluisse
328 4804 385 4849 eos
405 4785 564 4861 interire,
586 4804 681 4870 quam
702 4782 853 4849 hostibus
875 4781 1071 4868 capitalibus
1092 4780 1273 4846 concedere
1294 4797 1451 4842 summum
1480 4773 1656 4859 imperium
1679 4772 1780 4839 multo
1802 4790 1880 4858 prc-

150 4887 296 4951 babilius
317 4887 384 4973 sit?
416 4883 618 4969 Quamquam
633 4883 846 4964 Suevernius,
869 4881 898 4946 si
917 4881 1129 4968 expeditione
1142 4879 1256 4946 Sicula
1269 4878 1311 4941 ad
1325 4877 1456 4942 felicem
1471 4872 1595 4939 exitum
1612 4874 1770 4958 perducta
1791 4871 1881 4937 Alci-

151 4986 266 5050 biades
277 4984 540 5070 Peloponnesum
553 4983 682 5069 ingenti
696 4984 801 5050 classe
813 4983 987 5068 cinxisset,
1002 4978 1283 5059 verisimillimum
1297 4998 1372 5044 esse
1383 4975 1501 5058 credit,
1514 4973 1794 5044 Lacedaemonios
1809 4992 1875 5038 rna·
