4034 5632
809 245 1189 334 *lq-

215 471 290 536 Jam
313 465 395 546 erit,
424 466 518 546 qu‘us
538 456 734 526 sententiam
755 455 963 521 aestimemus
983 473 1022 518 ac
1042 461 1206 518 momento
1227 473 1286 520 suo
1307 455 1542 573 ponderemus,
1570 457 1782 541 nanuum)
1807 461 1870 547 qui

137 568 308 657 quidem
298 589 335 631 ru
365 587 405 631 eo
434 562 544 630 statim
565 559 701 624 videtur
722 558 892 621 aberrasse
913 575 933 619 a
953 562 1042 620 recta
1062 556 1138 634 via,
1167 560 1200 618 et
1221 557 1412 641 quominus,
1443 559 1532 642 quod
1552 578 1666 624 verum
1687 559 1796 625 avium
1818 570 1882 642 eut¹

137 668 322 750 consilium,
345 664 521 740 inveniret,
543 681 616 725 esse
638 659 836 771 impeditus,
864 655 962 739 quod,
983 674 1175 741 quamquam
1197 656 1350 722 concedit
1365 656 1552 724 universam
1572 659 1719 743 cujusvis
1736 661 1872 729 fabulae

136 767 369 855 Aristophanis
390 764 585 832 sententiam
604 781 647 825 ex
662 759 746 846 ipsis
762 757 964 841 temporibus
985 770 1136 840 tanquam
1160 754 1254 820 tonte
1274 777 1453 840 emanasse,
1475 765 1509 823 et
1530 770 1663 846 poetae,
1679 763 1871 829 universum

136 868 264 955 aliquid
285 864 509 952 componenti,
531 880 661 945 semper
677 860 883 923 obversatum
907 877 979 920 csse
999 855 1169 939 singulare
1191 855 1371 940 quoddam,
1394 879 1438 922 ex
1458 863 1551 943 cujus
1572 859 1758 928 imitatione
1783 863 1871 928 illud

138 977 268 1035 enatum
290 966 335 1032 sit
355 966 495 1046 (Kerst.
518 985 549 1047 p.
574 965 660 1026 12-
669 959 745 1071 ιι),
773 958 914 1069 primum
945 960 1037 1042 putat
1063 955 1330 1039 investigandam
1357 978 1430 1024 esse
1451 961 1647 1026 sententiam
1669 963 1869 1045 universam,

138 1070 261 1134 deinde
288 1088 370 1154 qnae
399 1063 621 1150 respondeant
647 1057 680 1122 ei
710 1058 745 1120 in
774 1055 880 1141 ipsius
902 1053 1072 1141 temporis
1082 1053 1278 1121 rationibus.
1322 1058 1414 1122 llaec
1436 1059 1619 1144 sententia,
1640 1071 1874 1149 praeterquam
1956 1112 1959 1117 -

139 1170 228 1254 quod
248 1169 316 1234 sibi
337 1174 452 1252 aperte
472 1165 652 1247 repugnat,
683 1154 818 1220 minime
847 1153 1003 1221 convenit
1021 1151 1141 1217 indoli
1169 1174 1207 1218 ac
1226 1164 1367 1223 naturae
1386 1158 1577 1225 comoediae
1597 1163 1871 1248 Aristophanem,

139 1290 234 1356 quam
262 1288 362 1352 snpra
388 1263 571 1328 accuratius
600 1256 823 1343 exposuimus
882 1254 957 1318 lloc
982 1272 1064 1318 vero
1091 1272 1177 1315 esse
1186 1254 1361 1320 consilium
1384 1257 1509 1324 avium.
1544 1261 1735 1343 „Ostendit
1761 1270 1871 1350 poeta,

140 1367 306 1453 quomodo
327 1366 443 1443 homo,
473 1362 530 1446 qui
551 1380 627 1425 suas
648 1362 773 1421 tantum
802 1375 854 1419 res
882 1362 990 1435 curet,
1019 1353 1243 1419 obedientiam
1265 1360 1299 1421 et
1318 1357 1550 1425 reverentiam
1564 1360 1709 1426 debitam
1730 1358 1873 1448 legibus,

140 1467 322 1547 institutis,
345 1461 491 1528 moribus
512 1459 681 1526 societatis
703 1454 836 1540 generis
857 1401 991 1521 humani
1015 1459 1133 1533 exuat,
1155 1474 1312 1540 suamque
1334 1456 1439 1544 ipsius
1456 1457 1690 1526 voluntatem
1678 1482 1717 1526 ιιι
1736 1462 1873 1529 illorum

140 1572 247 1636 locum
275 1564 459 1652 supponere
488 1564 634 1641 studeat,
663 1560 710 1624 ita
732 1557 945 1643 quidem,ut
910 1555 1105 1620 utliberum
1128 1576 1164 1619 se
1194 1555 1310 1621 facere.
1330 1558 1445 1642 cupiat
1469 1580 1490 1622 a
1513 1559 1615 1644 spatii
1637 1561 1819 1647 exiguitate
1839 1570 1874 1651 et
1997 1627 1999 1633 ,

141 1667 312 1755 angustiis.
349 1667 421 1730 Hae
442 1664 530 1727 enim
552 1659 652 1745 spatii
674 1658 863 1744 angustiae,
886 1676 929 1719 ex
950 1677 1086 1741 quarum
1107 1662 1188 1719 nutu
1210 1654 1305 1739 quasi
1325 1659 1463 1741 pendet,
1485 1659 1547 1724 tali
1567 1659 1696 1726 homini
1717 1663 1876 1730 videntur

141 1790 240 1836 verae
262 1767 428 1832 libertatis
449 1771 604 1846 tanquam
626 1779 794 1834 carceres3
821 1760 930 1843 spatio
957 1759 1044 1822 enim
1073 1779 1109 1822 se
1136 1759 1282 1824 coerceri
1310 1767 1404 1845 putat
1431 1766 1464 1824 et
1491 1761 1666 1848 impediri,
1700 1767 1874 1851 quominus

144 1870 274 1937 avitae
295 1870 454 1933 humanae
476 1861 724 1928 conditionibus
745 1880 781 1924 se
802 1860 908 1944 possit
927 1857 1112 1943 expedire,
1141 1879 1181 1922 eo
1208 1879 1289 1923 vero
1317 1869 1470 1944 snperato
1499 1867 1534 1927 et
1560 1864 1727 1968 perfracto
1749 1886 1786 1931 ιθ
1807 1889 1873 1933 ῃοῃ

144 1975 237 2060 cogi,
258 1981 293 2037 ιιι
313 1969 482 2037 societatis
503 1963 616 2030 civilis
638 1963 768 2045 legibus
789 1960 939 2037 obediat,
957 1959 1160 2046 impunitum
1178 1957 1261 2022 illas
1282 1980 1319 2024 se
1341 1979 1439 2046 posse
1459 1931 1633 2044 violare,
1634 1964 1756 2051 qnippe
1773 1989 1876 2052 quum

143 2072 287 2140 volando
315 2087 438 2181 poenas
470 2066 537 2129 sibi
567 2063 779 2126 imminentes
807 2067 906 2146 queat
936 2061 1098 2146 effugere,
1133 2059 1274 2122 liberum
1303 2081 1339 2125 se
1370 2061 1447 2125 fieri
1476 2062 1593 2148 suique
1616 2065 1724 2148 juris,
1760 2076 1793 2131 et
1820 2089 1874 2133 ce.

143 2180 308 2252 berorum,
334 2167 392 2254 qui
420 2164 520 2252 spatii
549 2162 704 2228 cancellis
733 2158 972 2245 circumscripti
1000 2160 1084 2241 sint,
1115 2157 1291 2224 dominum.
1336 2152 1388 2224 Ut
1412 2169 1518 2226 autem
1547 2165 1687 2249 aspatii
1716 2169 1875 2235 cancellis

144 2272 286 2338 liberum
308 2288 344 2336 se
366 2266 505 2332 reddere
524 2263 646 2349 possit,
669 2262 760 2346 cupit
781 2261 867 2340 alas,
888 2278 972 2344 quae
991 2258 1023 2324 ei
1037 2259 1137 2322 sunt
1126 2277 1235 2342 imago
1251 2258 1448 2325 libertatis“
1470 2261 1608 2336 (Kerst⁸
1632 2286 1663 2349 p.
1679 2271 1717 2331 14
1739 2270 1876 2352 sq)-

145 2373 231 2453 Fac,
261 2370 365 2434 fnisse
403 2363 591 2430 istiusmodi
627 2357 962 2438 hominesAthenis,
997 2357 1252 2442 Aristophanem
1290 2365 1428 2442 putasne
1463 2362 1642 2447 quidquam
1674 2377 1875 2436 moraturum

145 2472 249 2535 fuisse
278 2466 436 2533 absurdas
464 2485 574 2528 eorum
604 2461 801 2547 opiniones?
849 2460 980 2537 Quodsi
1008 2459 1164 2523 Kerstius
1194 2457 1277 2524 dicit
1300 2461 1353 2545 (p.
1377 2461 1452 2542 16),
1481 2460 1567 2527 hanc
1593 2464 1783 2551 opinionem
1812 2481 1877 2538 ram

146 2572 318 2656 vulgarem
340 2587 429 2642 esse,
459 2571 496 2628 ut
522 2562 620 2627 facile
648 2566 795 2624 nostrum
825 2559 963 2645 quisque
989 2557 1100 2647 semel
1119 2579 1201 2644 puer
1227 2579 1298 2623 eam
1326 2558 1498 2640 hahuerit,
1527 2567 1591 2627 tam
1623 2566 1749 2635 insulsa
1769 2580 1879 2637 tame„

147 2676 216 2752 est,
247 2674 284 2734 ut
309 2666 472 2731 hominem
502 2663 648 2728 adultum
677 2661 714 2724 ιιι
743 2679 814 2722 eam
843 2659 993 2726 incidere
1020 2681 1116 2745 posse
1137 2661 1199 2724 vix
1219 2660 1371 2727 arbitrer.
1420 2663 1521 2728 Certe
1550 2667 1636 2752 apud
1657 2671 1877 2740 Athenienses

148 2791 215 2834 uon
236 2773 308 2833 erat
328 2765 492 2850 vulgaris,
522 2770 555 2827 et
583 2763 672 2845 quod
698 2770 794 2846 caput
823 2767 892 2843 est,
921 2761 1055 2825 minime
1082 2760 1269 2845 periculosa
1296 2762 1512 2849 reipublicae·
1528 2766 1673 2852 legibus,
1694 2771 1877 2859 institutis,

148 2868 313 2948 moribus,
342 2867 483 2950 ideoque
512 2884 577 2926 non
598 2868 693 2945 apta,
719 2880 802 2946 quae
823 2863 864 2924 ab
884 2860 1105 2945 Aristophane
1126 2860 1346 2926 derideretur.
1396 2863 1610 2934 confundere
1634 2871 1716 2935 mihi
1744 2873 1879 2939 videtur

148 2966 305 3034 Kerstius
333 2965 541 3029 involucrum
569 2984 641 3026 cum
669 2959 831 3041 consilio,
859 2962 947 3046 quod
976 2960 1030 3024 illi
1058 2960 1241 3034 involutum
1270 2968 1329 3026 est.
1386 2964 1494 3048 Atque
1528 2966 1566 3030 in
1597 2968 1692 3035 illius
1727 2971 1879 3059 ingenio.

150 3067 283 3135 sissima
310 3064 504 3130 inventione
534 3061 675 3126 maxime
706 3059 885 3126 admiratus
912 3083 981 3126 sum
1010 3060 1138 3145 ingenii
1167 3060 1400 3146 Aristophanis
1427 3083 1578 3145 acumeuJ
1611 3076 1645 3132 et
1672 3071 1709 3134 id
1735 3073 1878 3159 quidem,

151 3166 314 3253 quomodo
342 3165 378 3229 in
407 3183 477 3227 eam
504 3162 650 3246 potuerit
678 3159 846 3234 incidere,
875 3167 908 3224 et
934 3181 1029 3244 quam
1057 3160 1299 3225 accommodata
1321 3161 1363 3224 ad
1390 3167 1464 3245 ejus
1493 3164 1671 3232 consilium
1701 3173 1763 3250 sit,
1790 3175 1879 3240 Ker-

151 3268 235 3334 stius
261 3264 413 3350 quamvis
442 3262 565 3326 invitus
595 3266 685 3324 recte
712 3259 870 3344 explicat
917 3260 960 3322 Id
988 3261 1075 3325 enim
1103 3258 1308 3345 potissimum
1339 3263 1497 3347 agendum
1526 3263 1593 3328 fuit-
1617 3278 1733 3350 poetae
1754 3283 1880 3354 nostro,

152 3388 250 3453 quum
274 3364 455 3430 deridenda
475 3381 660 3445 proponere
682 3359 787 3424 vellet
807 3379 896 3423 mera
916 3359 1172 3425 Atheniensium,
1188 3361 1334 3437 somnia,
1362 3367 1398 3425 ut
1418 3370 1642 3450 argumentum
1665 3372 1880 3459 excogitaret,

152 3467 188 3531 in
211 3487 287 3550 qno,
309 3486 393 3551 quae
414 3467 617 3547 gererentur,
638 3479 739 3544 aeque
760 3459 892 3544 quidem
912 3459 1029 3525 futilia¹
1044 3468 1154 3526 essent
1174 3468 1207 3525 et
1228 3481 1324 3542 vana,
1346 3467 1444 3547 atque
1455 3465 1708 3533 Atheniensium
1728 3475 1880 3558 consilia,

153 3572 294 3632 attamen
324 3575 494 3629 externam
524 3562 641 3628 saltem
670 3562 825 3646 prosperi
853 3581 1021 3627 successus
1048 3561 1210 3626 haherent
1237 3564 1390 3648 speciem.
1441 3562 1518 3628 Jam
1541 3587 1619 3632 aves
1642 3569 1777 3636 videbat
1797 3576 1882 3639 mul·

152 3678 260 3734 torum
290 3666 530 3730 commodorum
563 3661 757 3750 participes,
786 3661 904 3746 quibus
931 3662 1081 3726 homiues
1111 3668 1239 3743 carent,
1271 3668 1305 3726 et
1331 3663 1473 3728 forsitan
1501 3662 1574 3747 ipse
1602 3668 1774 3734 admodum
1801 3695 1883 3759 puer

155 3790 264 3834 earum
293 3764 401 3831 socius
428 3764 504 3828 lieri
539 3761 782 3849 concupiverit,
820 3783 902 3846 quas
938 3769 1049 3826 mente
1081 3762 1268 3845 praeditas,
1304 3760 1336 3824 si
1351 3762 1454 3827 -modo
1482 3765 1606 3830 callide
1633 3778 1880 3857 cantarentur,

154 3879 188 3935 et
214 3867 406 3933 hominibus
443 3873 476 3928 et
510 3863 598 3943 diis,
632 3869 667 3928 et
701 3861 786 3947 ipsis
812 3862 914 3948 spatii
942 3861 1103 3948 angustiis
1130 3860 1387 3947 circumscriptis
1415 3867 1449 3926 et
1472 3864 1642 3948 coercitis,
1679 3872 1884 3954 potentiores

156 3989 246 4051 esse,
274 3966 388 4052 lepide
416 3971 450 4028 ct
472 3968 586 4045 Jocose
607 3969 744 4047 ‘poterat
771 3963 997 4030 demonstrare
1027 3965 1107 4045 (cfr.
1124 3971 1213 4031 orat
1235 3963 1469 4044 Pisthetaerie
1484 3968 1666 4053 paruam.
1689 3977 1882 4056 &be-7373

156 4089 205 4133 VS·
227 4071 417 4142 753-7703
438 4085 487 4128 VS·
508 4065 700 4140 785-8003
721 4083 769 4126 vs.
793 4067 916 4132 1058·-
926 4069 1020 4146 luam
1041 4085 1091 4128 vs*
1105 4068 1338 4144 voss-1102).
1359 4065 1524 4138 ‚Minime
1545 4089 1625 4134 vero
1646 4071 1792 4139 irridere
1811 4077 1885 4144 vult

156 4189 232 4248 eos,
261 4166 297 4229 in
324 4185 460 4251 qnorum
482 4163 605 4248 optatis
626 4161 728 4227 luerit
749 4183 828 4228 aves
848 4165 943 4247 fieri,
971 4165 1081 4250 itaque
1107 4186 1181 4230 sese
1208 4154 1299 4250 ipsos
1326 4166 1520 4233 subtrahere
1548 4171 1693 4236 vinculis
1714 4175 1884 4242 ,oppetatis

157 4267 291 4354 generis
311 4263 453 4330 hnmani.
498 4262 614 4346 Neque
635 4283 706 4326 cum
728 4262 789 4326 hac
816 4265 981 4328 sententia
1000 4265 1082 4331 satis
1104 4265 1325 4345 conveniunt,
1347 4288 1433 4351 quae
1461 4269 1500 4331 in·
1527 4268 1633 4334 altera
1660 4271 1770 4338 libelli
1791 4282 1885 4360 parte

157 4368 314 4434 Kerstius
344 4365 491 4450 disputat
518 4363 560 4426 de
587 4363 750 4428 historica
778 4363 906 4427 fabulae
934 4364 1062 4428 ratione
1090 4366 1142 4451 (p.
1161 4369 1202 4430 54
1224 4366 1298 4450 sq).
1321 4411 1325 4421 ,
1353 4366 1455 4449 Nam,
1478 4370 1574 4455 quod
1605 4370 1720 4435 mirari
1745 4376 1883 4459 potoris,

161 4486 282 4532 mecum
313 4463 385 4526 fere
413 4464 595 4544 consentit,
622 4463 816 4527 inanitatem
847 4462 1073 4549 expeditionis
1095 4463 1283 4528 Siciliensis
1303 4466 1433 4549 planam
1455 4467 1564 4534 facere
1585 4471 1732 4536 voluisse
1758 4481 1885 4558 poetam

160 4571 210 4654 (p.
234 4569 308 4645 64),
337 4562 404 4626 nisi
432 4564 520 4648 quod
547 4563 632 4627 hanc
660 4563 913 4628 similitudinem
943 4570 1036 4649 putat
1064 4564 1272 4629 intercedere
1299 4564 1409 4629 avium
1437 4566 1527 4632 inter
1555 4577 1589 4634 et
1619 4569 1802 4640 Alcibiadis
1834 4573 1887 4638 in.

162 4673 287 4767 ceptum
311 4667 445 4746 ejusque
468 4662 646 4744 similium,
668 4663 725 4748 qui
747 4670 1035 4747 repraesentantur
1057 4663 1322 4771 aPisthetaero.
1344 4666 1422 4747 „Ut
1439 4665 1667 4752 Pisthetaerns
1689 4670 1829 4740 liberum
1850 4697 1887 4741 sc

160 4798 503 4820 ..ff

160 4879 340 4956 *;)ιιιτιι
359 4886 409 4940 tlte
426 4884 467 4939 uu
455 4884 536 4953 ttqu
539 4891 563 4946 eu
580 4826 784 4954 ttttttoptauei
777 4901 805 4940 m
822 4823 927 4954 uiuant
950 4887 995 4954 aut
1008 4887 1081 4953 {tter
1105 4845 1232 4957 pistrillas
1254 4888 1391 4958 ιιιιιιιιιιι
1415 4893 1465 4946 unt
1488 4891 1612 4959 tomitdm
1630 4894 1769 4965 btaruttet.
1803 4900 1890 4970 nunt.

258 4974 310 5040 Σιιι
312 4970 351 5027 n't
370 4971 404 5025 a.
422 4969 572 5041 Σιιιιιιιιιιι
590 4970 658 5027 1848
674 4972 806 5042 Sutrqauq
828 4972 929 5028 teau.
947 4971 982 5027 54
998 4972 1099 5042 tent.
1189 5020 1191 5024 ,
1352 5004 1356 5019 ι
