4034 5632
844 273 1222 360 *lo——

136 482 139 490 '
172 484 240 549 vali
260 487 425 571 sumptas?
475 484 567 561 Quid
589 481 774 569 simplicius
795 483 965 568 magisque
992 481 1042 547 rei
1059 483 1292 564 conveniens,
1321 504 1416 571 quam
1445 504 1597 570 magnum
1623 487 1737 571 operis
1765 487 1908 573 alicujus

171 584 336 670 fragorem
363 585 548 670 comparari
582 604 653 648 cum
684 602 742 664 eo,
777 583 834 668 qni
867 581 904 645 in
931 582 1104 648 naualibus
1137 584 1311 667 auditur,-·
1325 585 1519 672 praesertim
1551 607 1574 650 a·
1589 585 1666 651 cire
1685 588 1906 654 Atheniensi?

172 681 286 760 Quina
307 685 395 769 quod
416 687 551 778 πέτρας,
576 703 675 770 rupes
696 684 792 764 illas,
821 704 866 748 ex
893 683 1010 769 quibus
1029 685 1182 769 procedit
1202 684 1333 753 Tereus
1353 684 1433 766 (cfr.
1455 706 1503 752 νε.
1527 691 1585 768 au,
1607 708 1658 754 vs.-
1678 691 1739 768 aa,
1755 709 1810 753 ra
1830 689 1905 770 92),
1998 727 2001 732 ·

172 784 318 871 explicat
346 785 388 848 de
415 784 666 850 Atheniensium
688 786 789 854 κυκνιΙ
808 783 927 862 (Secv.
949 806 980 869 p.
1001 789 1039 850 21
1063 789 1140 868 sq.),
1170 805 1209 850 ea
1237 782 1443 872 potissimum
1472 807 1516 851 ex
1543 807 1656 870 caum,
1683 794 1720 852 ut
1744 792 1906 872 majorem

68 937 71 942 .
171 885 246 952 veri
266 883 516 948 similitudinem
537 883 680 948 habeant
700 902 782 969 quae
804 882 888 948 dicit
908 886 959 968 (p.
974 887 1011 951 18
1031 888 1065 948 et
1085 907 1116 968 p.
1128 888 1203 965 22):
1227 894 1287 969 „ut
1307 888 1352 951 in'
1366 887 1537 970 equitibus
1560 893 1628 966 (νε.
1645 893 1705 965 169
1725 889 1789 974 aq.)
1812 889 1907 954 bott-

172 985 260 1049 larie
282 1005 302 1050 a
322 985 545 1050 Demosthene
566 983 760 1068 imperium,
787 984 877 1068 quod
907 984 1083 1069 adepturus
1111 993 1179 1066 est,
1208 991 1425 1068 moneretur,
1438 1010 1441 1017 ·
1454 987 1609 1073 idemque
1635 988 1672 1052 in
1700 989 1848 1072 emperie
1868 996 1905 1055 et

171 1085 312 1171 quaein
333 1084 416 1150 mari
437 1084 687 1170 conspiciuntur
707 1103 821 1164 naves,
843 1083 958 1148 oculos
978 1085 1145 1168 conjicere
1162 1087 1308 1168 jubetur,
1331 1087 1380 1150 ita
1397 1086 1540 1170 Tereus,
1560 1095 1664 1154 totum
1680 1091 1770 1155 aeris
1790 1089 1904 1154 orbern

171 1186 424 1273 circumspicere
440 1190 553 1270 jussus
575 1207 595 1250 a
616 1185 828 1251 Pisthetaero
849 1185 917 1265 (vs.
941 1188 999 1251 175
1020 1193 1095 1271 sq.),
1117 1205 1235 1252 revera
1255 1188 1414 1250 intuetur
1431 1187 1470 1250 in
1482 1206 1599 1266 mare3
1623 1195 1657 1253 et
1676 1188 1707 1255 si
1727 1210 1789 1275 pre
1810 1191 1904 1274 urba,

171 1307 265 1372 quam
288 1285 323 1349 in
344 1307 438 1368 aere,
461 1286 497 1349 id
518 1295 569 1349 est
588 1283 626 1348 in
647 1285 747 1368 mari,
769 1286 972 1349 condendam
993 1292 1139 1350 statuunt
1160 1285 1496 1371 aves,·intelllgimas
1516 1308 1618 1352 naves
1634 1310 1725 1354 mare
1742 1295 1903 1374 tegentes,

170 1386 251 1452 satis
280 1386 404 1452 clarum
432 1405 471 1450 ac
498 1385 707 1451 manifestum
737 1390 803 1467 est,
832 1384 910 1471 quid
939 1385 1077 1470 imagini
1106 1384 1230 1467 subsit,
1255 1385 1308 1450 ita
1332 1393 1370 1451 ut
1396 1388 1657 1455 accuratioribus
1683 1388 1819 1456 indiciis
1839 1388 1904 1456 vix

170 1506 252 1572 epus
277 1485 361 1551 'sit“
408 1486 480 1551 llac
507 1485 749 1571 interpretandi
778 1484 907 1550 ratione
936 1485 1098 1550 facillime
1127 1486 1245 1551 omnia·
1264 1492 1404 1570 pessunt
1431 1506 1474 1552 ex
1505 1489 1618 1554 verbis
1646 1495 1765 1576 poetae
1788 1496 1902 1555 exter·

171 1587 277 1672 queri,
300 1605 384 1672 quae
403 1584 447 1651 iis
468 1583 604 1653 minime
624 1584 746 1651 insunt.
786 1586 878 1648 Idem
904 1585 991 1649 valet
1012 1586 1053 1650 de
1071 1586 1248 1651 Suevernii
1270 1585 1495 1671 explicatione
1514 1589 1565 1672 (p
1581 1589 1622 1656 77
1637 1591 1702 1676 sq.)
1723 1591 1901 1655 verborum

171 1688 221 1754 rei
239 1688 383 1780 πτέρυγε
405 1691 466 1755 ποῖ
484 1686 695 1767 ναυστολεῖς;
725 1685 792 1765 (νε.
816 1687 925 1766 1229).
975 1686 1094 1752 Poetae
1122 1706 1355 1773 saepenumero
1384 1686 1453 1751 alas
1479 1705 1671 1774 comparere
1698 1688 1901 1756 caurensis

170 1787 226 1853 vel
247 1787 350 1869 velis,
372 1796 485 1852 notum
506 1792 557 1852 est
578 1786 656 1866 (clr.
679 1784 778 1868 Virg.
801 1785 883 1849 Aen.
899 1788 1004 1866 1,301:
1026 1785 1118 1849 velat
1138 1786 1199 1850 ille
1220 1804 1281 1871 per
1302 1805 1380 1851 aera
1400 1803 1561 1869 magnum
1574 1787 1727 1872 Remigio
1756 1790 1901 1868 elaturus

169 1887 286 1955 Aesch.
314 1888 425 1953 Prom
453 1908 500 1952 νε.
522 1889 599 1952 468ε
634 1885 811 1978 λινόπτερα
843 1885 1004 1953 ναυτίλων
1024 1885 1212 1980 -ὂχῆματας
1241 1886 1354 1971 Agant.
1379 1907 1428 1951 νε.
1450 1889 1508 1952 52ε
1532 1884 1703 1980 πτερύγων
1719 1890 1901 1985 ἐρετμοῖσιν

170 1982 400 2082 ἐρεσαόμενοι).
448 1988 493 2053 At
513 1978 714 2052 Suevernius
735 2005 780 2048 ex
801 1985 862 2048 hac
882 1983 1026 2070 imagine
1045 1984 1232 2062 concludit,
1259 1986 1334 2051 alusv
1349 1983 1454 2052 iridis
1480 2007 1561 2052 vera
1586 1989 1777 2074 significare
1806 1993 1901 2058 neris

169 2088 310 2172 alicujus
331 2089 403 2153 sive
423 2088 498 2152 vela
520 2087 592 2152 eive
612 2084 768 2168 remigia,
797 2100 862 2171 que
890 2084 989 2149 etiam
1010 2091 1159 2171 spectare
1179 2084 1384 2151 Pistbetaeri
1412 2086 1706 2174 interrogationem
1727 2112 1776 2158 vs.
1799 2098 1898 2161 12032

171 2185 280 2283 ὄνομα
309 2191 342 2257 δὲ
369 2212 419 2256 σοι
443 2188 477 2254 τί
508 2185 588 2263 ἐστι,
618 2186 736 2254 πλοῖον
763 2183 783 2277 ῆ
807 2191 906 2277 κυνῆς
932 2192 1012 2278 κυνῆ
1035 2203 1118 2248 vero
1144 2205 1242 2268 quum
1273 2186 1587 2273 Peloponnesiacis,
1617 2189 1772 2275 inprimis
1799 2195 1900 2258 Arca·

147 2288 267 2354 ,dibus
288 2294 322 2353 et
342 2285 612 2351 Lacedaemoniis
634 2284 771 2370 propria
791 2283 910 2360 fuerit,
941 2283 1122 2368 significari
1151 2304 1190 2348 ea
1216 2284 1355 2350 militem
1377 2286 1710 2372 Peloponnesiacum,
1739 2298 1836 2379 atque
1857 2314 1900 2360 ex

169 2388 233 2452 hac
253 2387 486 2472 ambiguitate,
514 2384 653 2471 quaein
674 2384 768 2451 Iride
789 2389 954 2465 cernatur,
985 2386 1113 2471 plenam
1139 2384 1214 2448 fieri
1242 2384 1335 2449 illam
1359 2385 1565 2452 Pisthetaeri
1595 2390 1899 2475 interrogationem.

169 2491 213 2556 At
234 2510 332 2573 quum
361 2483 560 2574 respondeat
580 2486 665 2567 lris,
694 2507 730 2551 se
758 2505 832 2550 esse
860 2484 986 2548 Iridem
1014 2486 1173 2568 celerem,
1200 2485 1264 2550 hec
1290 2486 1417 2551 referre
1439 2486 1682 2552 Pisthetaerum
1706 2492 1746 2554 ad
1770 2512 1899 2577 navem,

169 2590 312 2676 ideoque
333 2608 406 2652 eum
427 2587 477 2652 sic
497 2605 651 2673 pergere:
674 2584 830 2678 Πάραλος
855 2584 877 2678 ῆ
900 2585 1108 2682 {elapsum
1133 2585 1209 2650 Jem
1226 2584 1333 2664 vides,
1355 2607 1420 2672 quo
1434 2586 1557 2650 tendat
1574 2588 1783 2658 Snevernius.
1828 2594 1899 2660 Iris

170 2698 221 2757 est
242 2688 337 2754 navis
359 2685 697 2772 Peloponnesiorum,
723 2702 807 2770 quae
835 2684 1019 2771 perruptis,
1046 2705 1130 2770 quae
1150 2686 1192 2750 ad
1214 2686 1480 2773 Peloponnesum
1499 2687 1678 2754 obsidione
1704 2691 1898 2779 cingendam

170 2789 353 2877 dispositae
374 2793 465 2870 sunt,
494 2785 652 2880 navibus,
680 2785 797 2848 socios.
811 2784 1129 2872 Peloponnesiorum
1159 2791 1200 2850 et
1213 2786 1367 2852 civitates
1386 2786 1573 2853 foederatas
1602 2789 1816 2859 adhortatura
1836 2805 1897 2878 est,

168 2899 204 2957 ut
234 2892 359 2956 tributa
385 2891 498 2954 debita
526 2887 665 2967 soleant.
712 2886 780 2951 Sed
801 2887 980 2952 anavibus
1008 2886 1151 2953 hostium
1174 2893 1363 2971 conspecta,
1385 2886 1485 2951 enixe
1505 2888 1706 2973 investigata
1727 2899 1793 2975 est,
1820 2892 1897 2958 dum

168 2995 260 3080 ipsas
287 2991 432 3056 Athenas
464 2986 627 3074 pervenit,
656 3018 694 3033 „A
723 2985 953 3052 Pistneuerus
983 3008 1040 3051 cur
1069 3009 1129 3073 per
1155 2983 1267 3070 jocum
1297 2986 1446 3072 quamuis
1476 2987 1654 3073 frigidum,
1688 2997 1725 3055 ut
1754 2991 1898 3078 ingenue
1978 2995 1982 3004 '

169 3094 286 3168 fatear,
314 3089 409 3153 deam
436 3090 559 3152 habere
586 3087 694 3174 possit
720 3106 781 3171 pro
809 3086 903 3165 navi,
931 3086 1050 3173 liquet,
1079 3086 1229 3153 simodo
1251 3105 1321 3152 eam
1349 3085 1412 3153 alis
1429 3093 1593 3171 :tanquam
1615 3090 1701 3154 velis
1722 3091 1778 3156 vel
1798 3095 1898 3159 remis

170 3198 316 3258 ornatam
337 3190 442 3255 fuisse
470 3189 614 3273 cogites,
643 3187 862 3270 celeriterque
883 3208 943 3273 per
964 3202 1070 3252 aerem
1092 3206 1241 3272 magnum
1263 3187 1404 3272 remigio
1435 3187 1558 3252 alarum
1586 3189 1727 3254 volasse.
1770 3193 1792 3284 ῆ
1814 3201 1896 3287 κυνῆ

166 3313 250 3359 vero
272 3291 380 3371 addit,
399 3289 549 3355 'illudens
569 3286 761 3351 immensum
783 3286 888 3371 petasi
909 3286 1102 3373 marginem,
1125 3308 1209 3371 quo,
1240 3286 1296 3372 qui
1325 3287 1433 3351 Iridis
1462 3306 1634 3373 personam
1663 3291 1784 3374 gessit,
1799 3292 1898 3360 ⁴insi»

167 3412 264 3481 gnem
285 3393 391 3456 fuisse
409 3387 593 3456 verisimile
614 3391 674 3451 est.
711 3386 811 3463 Quod
834 3393 913 3480 κυνῆ
935 3393 1154 3473 tegumentum
1183 3386 1301 3472 capitis
1328 3389 1476 3452 maxime
1500 3387 1671 3474 proprium
1700 3400 1772 3456 erat
1791 3388 1896 3461 Laee-

168 3491 353 3558 daemeniis
374 3493 408 3554 et
427 3491 563 3553 omnino
585 3487 860 3573 Peloponnesiis,
890 3487 930 3552 ab
951 3487 1059 3574 iisque
1081 3487 1117 3550 in
1139 3488 1240 3560 bellis
1261 3487 1468 3572 potissimum
1496 3491 1700 3574 gestabatur,
1729 3491 1808 3557 inde
1829 3516 1896 3560 non

74 3632 79 3647 ·
163 3598 234 3679 jam
268 3588 456 3656 necessario
489 3589 656 3673 cogimur,
694 3595 731 3652 ut
758 3588 800 3651 de
834 3585 940 3652 milite
969 3586 1255 3672 Peloponnesiaco
1281 3590 1479 3674 cogitemus,
1515 3589 1779 3675 quandoquidem
1808 3597 1896 3680 apud

166 3692 295 3760 Atticos
315 3710 446 3775 quoque
467 3690 555 3754 idem
577 3689 614 3753 in
634 3710 695 3755 usu
716 3696 787 3753 erat
808 3687 888 3768 (cfr.
910 3688 986 3751 nub.
1008 3690 1099 3769 268),
1120 3709 1228 3772 neque
1256 3689 1459 3754 solummodo
1480 3689 1686 3753 inserviebat
1711 3694 1785 3758 usui
1806 3695 1895 3760 mili-

165 3796 243 3875 tari,
264 3792 324 3856 sed
344 3789 475 3878 saepius
495 3789 657 3856 imbribus
678 3789 732 3855 rel
754 3788 836 3854 solis
856 3787 963 3853 radiis
984 3789 1138 3853 arcendis
1161 3808 1180 3851 a
1200 3789 1297 3866 facie,
1319 3811 1414 3876 quam
1436 3789 1478 3852 eb
1499 3807 1627 3854 causam
1648 3789 1688 3852 ab
1704 3791 1795 3857 Iride
1816 3815 1895 3880 quo-

167 3914 230 3978 que
253 3896 408 3977 gestatur.
429 3887 646 3970 -Accedit,
674 3889 761 3974 quod
783 3906 831 3953 ‘ne
850 3885 923 3973 ipse
945 3888 1075 3972 quidem
1097 3887 1345 3969 Pisthetaeres,
1374 3889 1424 3952 uti
1451 3908 1495 3952 ex
1515 3889 1726 3973 sequentibus
1746 3903 1893 3980 apparet,

166 3991 209 4055 de
236 3989 316 4056 navi
337 3988 622 4079 Peloponnesiaco
648 3986 823 4072 cogitavit3
857 3989 1010 4074 quamsi
1037 3988 1276 4073 Aristophanes
1304 3988 1495 4074 significare
1521 3989 1700 4073 voluisset,
1735 3993 1795 4060 vix
1821 4016 1894 4060 eum

167 4099 377 4176 quaerentem
405 4091 555 4156 fecisset:
576 4089 734 4183 Πάραλος
759 4089 781 4182 ῆ
803 4090 1015 4185 Σαλαμινίας
1047 4088 1154 4165 Quam
1182 4087 1474 4172 interrogationem
1504 4086 1703 4174 simpliciter
1731 4093 1893 4180 equidem,

166 4193 235 4258 nisi
255 4193 342 4258 forte
360 4190 615 4276 Aristophanem
636 4188 685 4252 nil
706 4189 775 4255 nisi
791 4194 888 4271 jocos
909 4193 944 4251 et
963 4188 1099 4255 facetias
1118 4193 1336 4254 consectatum
1359 4208 1438 4254 esse·
1453 4187 1571 4264 maris,
1595 4187 1643 4253 ita
1664 4191 1893 4277 explicandam

31 4361 34 4367 f
166 4314 241 4358 esse
270 4294 428 4359 arbitror:
456 4312 534 4356 num
564 4291 729 4356 advenisti
757 4290 800 4353 ad
828 4287 1142 4374 mandatepublica
1161 4289 1495 4373 exsequendatfinum
1516 4287 1617 4354 missa
1638 4309 1673 4353 es
1694 4291 1737 4353 ad
1757 4291 1894 4360 deorum

167 4377 320 4459 mandata
347 4386 579 4480 exsequenda?
607 4396 734 4475 sumpta
762 4389 909 4474 imagine
936 4388 978 4452 ab
1009 4390 1123 4454 harum
1156 4387 1288 4453 navium
1320 4409 1380 4453 use
1413 4394 1446 4452 et
1474 4387 1596 4453 officio.
1651 4387 1766 4474 Neque
1795 4394 1893 4462 valde

167 4512 316 4580 repugno
344 4492 493 4557 Timmio
526 4490 720 4575 conjicienti
749 4489 800 4575 (p.
822 4488 993 4570 rea-53),
1029 4488 1231 4554 Salaminiae
1260 4488 1371 4564 navis,
1406 4507 1489 4574 quae
1515 4487 1695 4574 improviso
1724 4509 1894 4578 emergens

167 4593 416 4681 expeditionem
437 4593 648 4660 Siciliensem
669 4591 811 4676 quodam
832 4590 930 4656 modo
951 4591 1152 4668 turbaverit,
1181 4589 1309 4654 idcirco
1336 4587 1398 4653 hoc
1422 4588 1497 4653 loco
1518 4589 1717 4653 mentionem
1738 4590 1830 4675 fieri,
1858 4603 1895 4659 ut

167 4717 237 4761 rem
259 4694 402 4781 aliquam
425 4691 594 4760 aduersam
615 4692 741 4779 incepti
761 4712 951 4779 processum
972 4694 1105 4760 turbare
1126 4712 1165 4758 ac
1184 4689 1307 4757 morari
1328 4690 1543 4777 significetur.
1564 4728 1604 4742 -

249 4793 343 4860 lride
362 4797 470 4859 amota
489 4794 578 4857 redit
598 4794 734 4859 nuntius
755 4792 798 4856 ad
818 4791 968 4858 homines
989 4792 1164 4874 demissus,
1185 4790 1250 4856 hec
1269 4791 1473 4868 renuntians,
1494 4789 1646 4853 homines
1666 4789 1894 4862 lubentissime

167 4895 305 4980 obsequi
339 4892 447 4959 avium
481 4893 639 4979 imperio,
656 4891 794 4979 quique
829 4898 905 4958 ante
938 4892 1281 4979 Nephelococcygiam
1310 4890 1476 4957 conditam
1509 4889 1749 4957 Laconicorum
1784 4917 1892 4962 mores
1980 4936 1990 4953 .

165 4993 288 5059 imitati
316 4998 440 5077 essent,
476 4997 609 5058 mutata
623 5013 760 5080 prorsus
787 4993 957 5060 voluntate
984 4993 1092 5062 avium
1119 5012 1232 5058 omnes
1252 4990 1394 5078 flagrare
1415 4989 1686 5058 consuetudinum
1715 5014 1826 5060 amore
1853 5015 1892 5062 ac
