4034 5632
807 296 1187 387 *19*-

139 537 144 542 ·
218 510 270 573 lta
290 508 362 572 lere
382 505 529 592 lidchly.
576 506 651 571 Jam
673 506 772 592 paulo
792 507 975 572 accuratius
996 505 1202 592 inquiramus
1222 504 1258 569 in
1280 524 1334 583 ea,
1360 525 1444 592 qnae
1465 505 1573 594 primo
1594 505 1666 572 loco
1686 507 1874 594 disputavit

137 604 193 674 vir
212 608 328 676 doctus
349 609 391 673 de
412 608 595 673 fabularum
610 605 842 692 Aristophanis
861 606 975 671 indole
995 627 1034 672 ac
1053 614 1180 671 natura.
1222 605 1310 684 Quis
1331 606 1476 688 undem,
1498 627 1635 694 quaeso,
1652 628 1693 673 eo
1711 607 1872 675 audaciae
1950 656 1956 669 ,

136 709 311 794 procedet,
337 713 375 773 ut
401 708 593 788 contendat,
620 708 771 793 quoniam
799 711 928 773 ceterae
948 727 1061 772 omnes
1081 706 1212 773 fabulae
1231 712 1354 772 ocrmm
1376 706 1628 793 aliquam·viam
1649 709 1873 775 serationem

136 815 327 895 sequuntur,
356 809 491 872 eandem
513 808 612 871 etiam
634 807 671 871 in
692 826 769 873 aves
791 807 914 870 debere
935 809 1075 872 cadere?
1103 806 1188 870 hanc
1217 806 1359 872 fabulam
1385 808 1428 871 ab
1449 807 1585 890 ordine,
1612 807 1773 891 consilio,
1800 808 1872 874 line

137 906 339 995 reliquarum
360 913 600 990 transversum,
626 916 662 972 ut
690 908 820 987 dicunt,
850 906 989 991 digitum
1010 925 1076 969 non
1099 906 1202 971 licere
1223 905 1417 972 discedere?
1458 906 1543 971 Num
1559 913 1706 972 ‘mentem
1727 907 1872 975 solutam

131 1028 176 1074 ac
196 1008 333 1072 liberam
355 1014 483 1094 poetae,
507 1029 614 1091 quem,
636 1027 701 1092 qua
722 1006 788 1072 fnit
807 1006 936 1092 ingenii
956 1006 1108 1073 sollertia
1129 1026 1167 1070 ac
1187 1005 1361 1088 varietate,
1383 1003 1508 1092 phteris
1529 1007 1681 1072 conterre
1701 1028 1773 1072 cum
1784 1007 1873 1072 Pro.

137 1115 212 1190 teo,
241 1114 305 1172 tam
327 1108 428 1173 arctis
448 1128 601 1173 coercere
622 1107 703 1173 licet
722 1106 884 1187 vinculis,
916 1113 952 1171 ut
979 1127 1092 1173 omnes
1119 1107 1265 1189 fabulas,
1294 1127 1336 1172 ne
1364 1107 1408 1172 iis
1436 1105 1567 1193 quidem
1594 1108 1759 1194 exceptis,
1789 1128 1873 1195 quas

137 1208 339 1293 temporibus
361 1206 549 1293 deperditas
572 1206 730 1288 dolemus,
752 1206 795 1270 ad
817 1207 953 1271 eandem
974 1227 1120 1271 normam
1142 1214 1176 1271 et
1195 1206 1438 1291 regulamcum
1460 1207 1626 1274 direxisse
1646 1213 1752 1293 putes,
1772 1228 1874 1295 aqua
1960 1290 1962 1294 ι

138 1328 301 1392 nunquam
330 1290 544 1372 discesserit?
584 1307 671 1374 Num
699 1314 808 1372 certos
833 1314 948 1393 poetae
969 1307 1147 1372 constitues
1168 1306 1251 1373 fines
1269 1307 1311 1374 ac
1331 1306 1507 1390 terminos,
1536 1316 1630 1375 extra
1651 1329 1735 1393 quos
1755 1309 1874 1395 egredi

139 1427 205 1471 non
227 1407 347 1471 liceat?
368 1407 544 1472 Jamvero
565 1429 673 1471 nonne
695 1405 787 1493 ipsae
809 1406 936 1493 aliquot
956 1407 1086 1472 fabulae
1107 1408 1189 1472 satis
1210 1406 1390 1489 declarant,
1413 1409 1514 1494 paulo
1529 1409 1685 1475 audacius
1701 1410 1875 1494 judicasse

139 1509 249 1571 virum
278 1508 431 1571 doctum?
471 1507 570 1584 Quod
598 1505 708 1572 statim
735 1505 850 1572 videre
876 1508 959 1572 licet
985 1528 1027 1571 ex
1049 1507 1468 1594 Thesmophoriannsarum
1496 1508 1624 1590 fabula,
1652 1513 1746 1591 cujus
1772 1509 1875 1593 longe

140 1606 238 1670 aliam
266 1626 341 1672 esse
368 1607 528 1672 rationem
556 1628 652 1690 quam
682 1605 894 1689 plurimarum
921 1615 1101 1673 ceterarum
1122 1607 1358 1693 Aristophanis
1386 1610 1647 1691 comoediarum,
1676 1608 1730 1675 vir
1755 1609 1874 1691 dachus

141 1706 240 1769 facile
270 1697 444 1785 concedet,
471 1727 546 1771 nam
575 1706 636 1772 vix
660 1726 733 1771 eum
755 1707 854 1771 credo
875 1729 947 1774 esse
968 1707 1147 1788 dicturum,
1178 1716 1306 1792 poetam
1335 1707 1429 1792 sequi
1457 1728 1569 1773 eorum
1599 1714 1728 1794 partes,
1757 1706 1874 1794 quiin

140 1805 203 1870 hac
230 1807 339 1872 fabula
366 1827 523 1894 personas
552 1806 726 1891 primarias
748 1818 875 1891 gerunt.
924 1808 999 1872 Jam
1022 1829 1102 1873 vero
1123 1807 1425 1873 Ecclesianusarum
1447 1807 1529 1891 line,
1558 1808 1686 1874 etiamsi
1718 1811 1874 1894 proxime

143 1905 269 1970 accedit
294 1907 374 1971 haec
401 1909 513 1972 fabula
541 1907 750 1999 adxmediam
778 1927 874 1991 quam
901 1907 1014 1970 dicunt
1035 1908 1256 1989 comoediam,
1284 1927 1392 1970 nonne
1414 1913 1490 1970 ante
1510 1907 1625 1973 oculos
1646 1906 1786 1993 positum
1809 1914 1873 1990 est,

140 2025 236 2090 quam
249 1998 342 2071 *vanu
363 2015 396 2072 et
416 2007 524 2072 futilis
546 2006 590 2073 sit
606 2007 782 2084 ⁴mulierum
803 1991 1000 2089 dominatio,
1028 2008 1168 2091 perinde
1196 2029 1234 2071 ac
1261 2008 1335 2093 ipso
1363 2006 1471 2071 avium
1498 2007 1566 2072 fine
1593 2009 1737 2073 inanitas
1757 2006 1808 2071 rei
1829 2008 1874 2071 ab

143 2106 258 2171 avibus
284 2114 453 2192 susceptae
479 2108 580 2192 plana
605 2106 663 2172 fitl
705 2107 797 2184 Quid
825 2107 954 2170 tandem
982 2127 1064 2191 opus
1093 2114 1143 2170 est
1170 2106 1239 2171 viri
1271 2106 1361 2170 docti
1390 2107 1584 2172 fulminibus
1615 2108 1873 2193 tonitribusque,

142 2204 261 2289 quibus
283 2207 481 2271 edoceantur
500 2227 597 2287 aves,
628 2226 723 2290 quarn
746 2206 878 2287 inaneS,
907 2227 1001 2292 quam
1023 2207 1138 2271 futiles
1159 2206 1228 2271 sint
1249 2227 1360 2270 eorum
1390 2215 1543 2290 conatus,
1571 2208 1650 2272 deos
1673 2227 1775 2290 reguo
1797 2226 1875 2292 spo·

144 2304 251 2368 liandi
273 2326 374 2389 seque
395 2307 484 2391 ipsas
507 2307 729 2372 substituendi
750 2305 785 2369 in
808 2327 920 2370 eorum
942 2306 1068 2370 locanti
1099 2307 1141 2370 Id
1162 2313 1215 2372 est
1233 2307 1382 2372 funditus
1404 2308 1523 2372 tollere
1544 2309 1610 2372 vim
1632 2307 1810 2391 poeticam!
1832 2344 1875 2360 -

145 2402 243 2479 Quod
264 2406 384 2470 attinet
404 2406 446 2470 ad
468 2403 724 2471 Pisthetaeri'et
745 2405 921 2491 Euelpidis
951 2403 1117 2490 ingenium
1146 2415 1243 2491 atque
1269 2428 1395 2487 mores,
1417 2406 1516 2471 facile
1538 2407 1699 2486 concedo,
1729 2426 1785 2471 eos
1805 2425 1876 2470 non

145 2504 286 2569 asscita
308 2507 562 2587 contaminatos,
591 2505 638 2569 ita
659 2506 826 2591 perditos,
852 2505 900 2571 ita
920 2504 1120 2591 flagitiosos,
1149 2505 1262 2591 quales
1283 2529 1302 2571 a
1324 2506 1500 2570 nonnullis.
1513 2507 1599 2571 viris
1621 2505 1726 2571 doctis
1748 2503 1875 2571 descri-

145 2602 283 2687 buntur,
311 2606 403 2670 nulla
424 2627 504 2671 vero
525 2613 656 2694 exstant
684 2616 774 2671 certa
799 2627 838 2669 ac
865 2605 959 2669 firma
980 2605 1015 2668 in
1037 2606 1154 2671 avibus
1176 2608 1387 2687 documenta,
1415 2627 1498 2694 quae
1518 2626 1580 2669 nos
1600 2612 1733 2692 cogant,
1759 2610 1797 2669 ut
1817 2625 1876 2671 cos

146 2713 180 2766 et
199 2704 373 2790 praecipue
392 2706 634 2771 Pistlretaerum
658 2705 693 2768 in
714 2727 882 2769 numerum
904 2706 1084 2771 referamus
1106 2726 1235 2786 eorum,
1259 2708 1314 2791 qui
1336 2706 1421 2772 sicut
1437 2706 1663 2792 Dicaeopolis,
1684 2705 1875 2791 Trygaeus,

147 2797 370 2890 StrepsiadeS,
400 2805 599 2871 Philocleon
627 2806 842 2893 Aristophani
873 2814 950 2880 suut
979 2807 1129 2891 exempla
1159 2806 1378 2889 antiquitatis.
1437 2805 1608 2871 Revocare
1636 2807 1736 2871 liceat
1763 2805 1875 2875 virum

147 2899 286 2968 doctum
299 2906 339 2968 ad
362 2927 417 2985 ea,
432 2925 514 2991 quae
525 2905 596 2990 ipse
611 2904 744 2968 uberius
761 2907 803 2968 de
819 2926 930 2970 eorum
946 2906 1091 2971 moribus
1114 2914 1210 2993 atque
1232 2906 1368 2990 ingenio
1390 2907 1559 2971 disserui.¹
1595 2906 1693 2983 Quod
1715 2925 1875 2970 summum

147 3014 181 3070 et
202 3005 376 3070 maximum
399 2998 459 3082 est,
481 3005 575 3072 vides
596 3028 667 3072 eum
690 3009 742 3072 sui
765 3005 968 3091 potissimum
991 3008 1152 3071 commodi
1174 3007 1303 3070 ratirune
1325 3008 1422 3069 ducta
1443 3018 1476 3072 et
1496 3008 1650 3070 affectare
1672 3011 1706 3069 et
1722 3004 1876 3073 obtinere

148 3105 374 3189 tyrannidem„
411 3109 506 3170 Eane
526 3109 565 3170 ab
586 3105 805 3190 Aristophane
827 3107 1012 3190 praedicari
1033 3126 1071 3170 ac
1091 3107 1309 3172 commendari
1332 3107 1475 3191 putanda
1493 3106 1563 3171 esti
1593 3105 1677 3169 Num
1699 3104 1735 3169 in
1756 3103 1877 3170 ceteris

148 3207 271 3279 fabulis
286 3206 414 3291 aliquot
430 3208 493 3271 etsi
507 3209 620 3291 parvis
636 3208 765 3272 indicat
779 3217 875 3293 poeta
893 3206 1042 3283 indiciis,
1063 3229 1099 3273 se
1120 3206 1217 3272 unius
1238 3205 1495 3270 dominationem
1517 3227 1633 3287 cupere
1654 3226 1692 3268 ac
1713 3203 1877 3290 probare?

149 3307 381 3393 Aristophanis
403 3307 571 3373 comoedia
592 3329 688 3393 quum
711 3315 780 3372 tota
800 3315 990 3373 versaretur
1010 3307 1046 3370 in
1068 3309 1165 3373 rebus
1186 3306 1347 3391 publicis,
1369 3307 1488 3369 mirum
1512 3314 1615 3388 esset,
1644 3307 1711 3370 nisi
1733 3303 1877 3390 quidde

148 3406 192 3472 iis
213 3409 372 3473 sensisset
393 3416 504 3491 poeta,
527 3407 605 3493 quid
628 3407 736 3472 auimo
757 3407 992 3494 proposuisset,
1014 3393 1108 3494 quod¹
1123 3406 1295 3472 consilium
1317 3413 1404 3472 esset
1425 3412 1553 3471 secutus
1573 3404 1609 3468 in
1631 3402 1885 3471 conscribendis

149 3506 288 3588 fabulis,
317 3508 365 3572 ita
394 3515 429 3572 ut
456 3508 499 3572 ad
525 3508 696 3573 veritatem
726 3508 878 3594 proxime
907 3508 1093 3584 accederet,
1122 3528 1165 3571 ex
1192 3505 1236 3573 iis
1264 3528 1378 3593 posses
1400 3506 1609 3571 concludere.
1650 3506 1759 3588 Atque
1778 3524 1876 3588 quum

150 3610 223 3693 ipse
243 3608 300 3671 vir
320 3608 435 3673 doctus
457 3608 562 3689 dicat,
592 3627 664 3671 eum
687 3602 818 3673 stetisse
839 3609 879 3671 ab
901 3629 1011 3689 eorum
1034 3627 1146 3683 causa,
1175 3608 1232 3692 qui
1262 3608 1491 3691 antiquitatem
1519 3604 1700 3671 extulerint
1725 3610 1759 3669 et
1778 3602 1878 3669 redu·

151 3729 225 3775 cere
247 3707 451 3792 optaverint,
474 3709 592 3794 quibus
615 3729 658 3771 ex
676 3705 897 3795 Aristophane
918 3707 998 3773 satis
1019 3707 1183 3791 cognitum
1205 3707 1361 3772 habemus
1383 3714 1521 3771 aetatem
1542 3703 1785 3771 Marathoniam
1806 3722 1879 3773 eam

152 3807 272 3890 fnisse,
294 3829 376 3892 quae
396 3826 510 3874 omnes
531 3809 715 3873 contineret
735 3807 948 3893 perfectionis
970 3828 1140 3884 numeros,
1162 3807 1234 3892 ipse
1250 3805 1427 3890 J'udicavit,
1449 3812 1516 3870 tum
1538 3811 1676 3869 aetatem
1692 3803 1879 3869 Pericleam

151 3930 217 3973 non
238 3909 408 3973 obversari
437 3913 552 3994 poetae
578 3908 680 3973 menti
708 3910 861 3993 tanqua'm
882 3909 1033 3974 omnibus
1055 3911 1124 3974 suis
1145 3908 1289 3973 numeris
1312 3908 1474 3992 expletam
1497 3907 1798 3994 perfectamque-
1818 3925 1881 3970 nac

152 4009 253 4073 ullum
276 4009 381 4073 locum
404 4009 553 4095 proferre
576 4010 697 4094 poterit
717 4012 772 4074 vir
793 4010 907 4076 doctus
929 4032 973 4074 ex
994 4009 1213 4095 Aristophane
1234 4007 1493 4075 adsentantium
1515 4027 1604 4073 suam
1625 4004 1879 4073 confirmandam

153 4117 194 4157 Δ
219 4115 287 4173 tum
318 4111 358 4173 ab
388 4109 477 4172 omni
507 4108 579 4173 veri
608 4109 828 4174 similitudine
857 4111 1033 4176 abhorrere
1060 4108 1271 4196 tyrannidem
1302 4110 1556 4173 commendatam
1587 4113 1622 4171 et
1647 4103 1879 4190 praedicatam

154 4209 200 4274 Et
221 4230 316 4292 quum
338 4209 481 4273 irrideat
500 4217 596 4295 poeta
618 4216 651 4274 et
671 4210 754 4274 alibi
775 4221 809 4274 et
828 4210 865 4273 in
887 4210 1001 4299 avibus
1015 4208 1265 4275 Atheniensium
1289 4216 1408 4273 metum
1430 4205 1619 4293 tyrannidis
1640 4226 1759 4270 vanum
1778 4204 1880 4270 istum

154 4306 359 4392 acinacem,
389 4332 453 4396 qno
474 4312 684 4393 factumest,
716 4318 751 4375 ut
770 4309 920 4374 homines
942 4311 1063 4397 optime
1086 4311 1128 4375 de
1149 4309 1319 4394 republica
1340 4310 1477 4374 meritos
1497 4307 1785 4372 vehementissime
1811 4302 1882 4371 sint

154 4411 350 4489 consectati,
372 4421 407 4477 ut
427 4412 669 4492 dissensiones,
692 4411 889 4494 seditiones,
912 4413 1067 4476 tumultus
1089 4404 1296 4491 exstiterint,
1318 4409 1412 4473 utin
1434 4428 1591 4473 summum
1613 4407 1791 4472 discrimen
1812 4425 1882 4471 res·

153 4510 288 4599 publica
308 4519 423 4577 vocata
443 4513 505 4595 sit,
532 4511 614 4598 quid
642 4512 734 4577 aliud
760 4511 838 4576 inde
860 4512 1017 4598 colligere
1038 4511 1153 4575 licebit
1174 4532 1269 4594 quam
1291 4509 1488 4596 gravissime
1510 4509 1623 4573 dolere
1643 4512 1772 4590 poetam
1793 4504 1882 4569 huuc

155 4613 276 4679 metum
297 4615 334 4677 ut
353 4612 475 4677 fontem
490 4615 706 4680 niaximorum
728 4614 909 4678 malorum?
931 4612 1059 4689 Quodsi
1080 4614 1155 4699 quis
1175 4610 1371 4676 concederet
1391 4611 1465 4674 viro
1486 4609 1595 4688 docto,
1617 4605 1882 4691 Aristophanem,

156 4735 253 4800 quum
273 4713 394 4779 illudat
414 4713 501 4778 hunc
521 4715 688 4796 timorem,
711 4714 843 4778 studere
864 4713 926 4795 iis,
948 4734 1030 4797 quos
1051 4710 1184 4779 insanus
1206 4709 1313 4797 plebis
1333 4729 1437 4794 paror
1458 4704 1688 4794 exagitaverit,
1710 4725 1884 4792 oppresse·

157 4815 221 4894 rit,
249 4813 396 4899 epatria
422 4812 573 4896 ejecerit,
602 4812 765 4901 imprimis
786 4813 971 4895 Alcibiadi,
1000 4833 1109 4877 nonne
1137 4809 1291 4879 audacius
1317 4810 1406 4875 idem
1433 4808 1660 4882 concluderet,
1687 4812 1817 4892 poetam
1838 4826 1884 4877 ex

159 4912 211 4977 his
232 4936 348 4995 unum,
376 4914 517 4980 fortasse
543 4915 650 4998 ipsum
672 4915 898 4996 Alcibiadem,
927 4934 1116 5001 quamquam
1145 4911 1245 4978 anxie
1273 4910 1384 4976 omnia
1413 4907 1587 4983 vitaverit,
1615 4925 1698 4992 quae
1726 4907 1767 4970 ad
1788 4905 1885 4971 'hunc
