4034 5632
138 503 251 548 narum
273 488 383 566 captos
406 502 425 545 e
446 479 554 565 patria
575 478 738 562 migrare,
768 474 835 554 ubi,
858 474 888 536 si
911 492 1045 557 usquam
1068 474 1162 553 alibi,
1186 474 1264 538 lites
1284 473 1449 539 florebant
1469 496 1508 541 ac
1528 478 1705 561 vigebam,
1725 477 1882 563 ebiymii

141 591 237 651 antea
256 582 366 645 fuerat
386 580 475 645 ritae
496 578 629 643 habitus
659 576 765 639 laetus
795 580 828 636 et
855 573 994 655 hilaris,
1024 582 1203 639 evanuerat
1224 575 1261 639 in
1281 576 1572 661 turbulentumque
1592 583 1626 641 et
1645 570 1880 643 tristissimum

139 689 210 746 erat
236 687 467 760 commutatus,
495 683 591 760 cujus
616 676 667 739 rei
698 673 860 756 originem
889 694 987 758 supra
1014 671 1202 738 invenimus
1222 675 1259 738 in
1281 676 1390 742 causis
1412 676 1731 762 propterMerourii
1752 683 1881 749 statum

139 782 305 847 mutilatas
333 780 469 845 exortis.
520 779 586 843 liis
614 777 734 839 timent
762 794 803 836 ne
832 776 981 860 quamuis
1009 771 1159 838 insontes
1176 770 1418 858 implicentur,⁸
1439 777 1477 839 in
1504 776 1880 863 suspicionemque‘ro-

138 889 252 948 centur
281 880 515 966 mysteriorum
544 877 762 957 violatorum,
791 874 827 937 id
855 876 943 960 quod
971 873 1174 940 Salaminiae
1202 876 1297 942 navis
1318 887 1578 964 pavore-operte
1600 879 1779 945 ostendunt
1797 879 1878 958 (cfr.

135 1005 187 1048 vs.
212 987 272 1047 146
293 983 322 1046 dt
345 985 427 1056 147).
451 1013 491 1026 -
521 977 588 1042 Sed
610 977 803 1060 quamquam
827 975 943 1039 eadem¹
962 975 1031 1038 fere
1059 982 1093 1037 et
1109 973 1255 1058 cupiunt
1282 982 1316 1040 et
1341 987 1547 1059 aversantur,
1577 985 1878 1063 magnum-tamea,

136 1084 167 1148 si
189 1081 370 1146 accuratius
398 1101 465 1144 rem
488 1077 646 1158 intueris,
676 1075 847 1161 apparebit
868 1074 1048 1138 discrimen
1070 1073 1278 1139 intercedere
1299 1074 1390 1139 inter
1417 1086 1598 1164 utrumque.
1634 1077 1881 1148 -Pisthetaeruo⁸

136 1182 431 1268 ignavus'quidem
455 1179 596 1264 proinde
617 1196 655 1240 ac
680 1175 878 1260 EuelpideS,
908 1174 967 1239 sed
995 1173 1051 1259 qui
1078 1175 1200 1238 astutia
1227 1174 1468 1270 et'ualliditate
1490 1185 1557 1243 tum
1573 1177 1734 1264 ignaviae
1754 1198 1876 1262 oppro-

139 1283 244 1346 brium
268 1301 439 1360 amovere,
469 1284 536 1341 tum
559 1276 740 1362 periculum
762 1275 940 1338 imminens
962 1280 1111 1338 avertere
1133 1273 1237 1352 sciats
1263 1274 1406 1353 facetus,
1432 1276 1780 1343 suis-namurens-
1794 1298 1877 1342 uon·

137 1383 264 1458 solens,
293 1379 487 1458 dominandi
515 1377 672 1462 cupidus,
703 1383 737 1439 et
765 1395 956 1458 quamquam
985 1393 1094 1436 merus
1122 1373 1433 1472 cirisdtrrbcpr'r'·
1454 1379 1650 1457 deerimus·
1672 1379 1746 1460 3⁴),
1776 1390 1875 1464 quum

137 1485 257 1569 perdiu
278 1481 418 1546 Athenis
440 1479 583 1558 vixerit,
613 1486 712 1561 atque
730 1475 833 1539 vitam
856 1477 1010 1539 urbanam
1032 1476 1165 1558 penitus
1192 1476 1345 1560 pemerit
1365 1477 1494 1542 tat-'iere
1507 1478 1699 1544 ¹adoleverit
1720 1481 1755 1543 in
1777 1478 1875 1543 cirili

137 1585 234 1647 turba
257 1602 294 1644 ac
315 1581 399 1656 fori,
431 1581 583 1662 vulgares
610 1578 744 1660 quidem
759 1628 761 1632 ⁴
774 1575 853 1638 inde
882 1573 1002 1638 didicit
1029 1581 1118 1637 artes
1145 1573 1374 1659 sophistarum
1391 1575 1874 1664 sinumque·turbulentnm‚

137 1682 194 1766 qui
224 1682 333 1769 plebis
362 1681 501 1763 gratiam
532 1684 714 1757 sectantur,
744 1677 854 1760 iisque
882 1674 1053 1739 occasione
1082 1673 1193 1737 oblata
1218 1674 1334 1738 utitur.
1377 1677 1554 1762 ·Adspecto
1584 1668 1748 1743 Trochiin
1776 1692 1874 1763 quum

136 1791 274 1868 uterque
296 1801 374 1866 prae
395 1779 513 1843 timore
535 1778 626 1840 huuri
647 1782 837 1860 prostratus*
849 1781 986 1856 jaceret,
1009 1774 1192 1860 Euelpides
1214 1775 1340 1860 primus
1362 1794 1460 1851 ausus
1482 1784 1532 1842 est
1559 1798 1694 1862 surgere
1716 1798 1873 1863 avemque

137 1882 280 1967 alloqui3
308 1901 390 1966 quae
419 1880 476 1941 ubi
505 1879 591 1941 abiit
612 1878 654 1941 ed
676 1877 843 1942 dominum
866 1880 957 1938 snum
979 1894 998 1936 e
1018 1876 1384 1952 somnoexcitandum,
1414 1877 1722 1960 Pisthetaerus',·ut
1749 1878 1876 1942 faciunt

136 1982 267 2068 ignavi,
295 1982 370 2063 qui,
396 1999 495 2064 quum
517 2000 553 2043 se
575 1988 662 2042 tutos
685 1976 1000 2054 essearbitrentur,
1027 1976 1220 2038 absentibus
1242 1975 1424 2058 minantur,
1452 1978 1489 2040 in
1510 1979 1629 2042 malem
1650 1998 1779 2044 crucem
1801 1999 1873 2042 eam

137 2084 230 2145 abire
253 2082 365 2164 jubet,
395 2079 555 2162 Euelpidi
585 2098 666 2141 vero
696 2077 849 2162 querenti
878 2073 1082 2141 monedulam
1104 2093 1131 2136 εἱ
1145 2077 1296 2140 manibus
1317 2077 1470 2142 emissam
1492 2078 1660 2162 ignaviam
1680 2080 1872 2164 opprobrat,

137 2183 224 2266 quod
251 2202 331 2266 prae
352 2187 439 2242 metu
460 2198 552 2242 avem
575 2179 738 2260 emiserit,
768 2184 865 2262 atque
886 2183 990 2242 astute
1011 2176 1219 2262 ridiculeque
1241 2184 1344 2242 semet
1364 2176 1471 2262 ipsum
1494 2178 1535 2240 ab
1557 2178 1711 2261 ignaviae
1732 2179 1872 2243 crimine

136 2282 282 2345 liberare
305 2280 416 2344 studet
443 2300 482 2343 eo
512 2280 601 2362 quod
630 2279 732 2359 dicit,
746 2338 748 2343 ,
763 2298 855 2342 auem
877 2296 967 2339 suam
989 2277 1292 2360 sponte-evolasse,
1319 2297 1390 2341 non
1413 2298 1488 2341 use
1509 2298 1528 2341 e
1549 2277 1698 2343 manibus
1719 2279 1871 2343 emissam

137 2384 200 2463 (vs.
222 2381 382 2458 85-91).
433 2382 476 2444 At
497 2387 630 2464 superat
651 2380 773 2444 socium
803 2379 931 2442 artibus
960 2384 992 2439 et
1017 2376 1117 2440 dolis.
1168 2377 1376 2442 Gravissimo
1397 2377 1484 2442 enim
1507 2375 1701 2442 imminente
1721 2377 1765 2442 iis
1786 2379 1874 2462 peri·

136 2483 210 2547 culo
233 2483 272 2544 ab
294 2479 546 2559 avibus-iratis,
576 2479 774 2565 Euelpidem
796 2479 1043 2559 lamentantem,
1073 2478 1162 2561 quod
1185 2477 1419 2543 Pistbetaerus‘
1443 2498 1517 2542 eum
1545 2480 1581 2542 in
1604 2487 1728 2542 tantum
1751 2478 1871 2563 capitis

137 2582 317 2646 discrimen
347 2579 715 2663 adduxerit,·maligne
744 2578 878 2664 quidem
907 2576 1010 2660 ridet,
1038 2572 1099 2644 sed
1127 2579 1244 2660 simul,
1272 2598 1338 2661 quo
1367 2577 1510 2641 animum
1528 2579 1710 2644 demissum
1732 2587 1870 2658 recreet,

137 2682 331 2746 adhortatur
352 2701 443 2761 eum,
473 2687 509 2743 ut
538 2681 699 2764 arreptis,
714 2699 807 2764 quas
835 2685 945 2742 secum
971 2685 1198 2761 portaverant,
1228 2678 1497 2761 ollis'veruque,
1512 2699 1600 2744 sese
1619 2680 1795 2760 defendat,
1822 2681 1872 2743 ita

136 2793 173 2846 ut
202 2780 381 2866 Euelpides
408 2781 446 2843 in
474 2780 649 2844 maximam
679 2779 788 2844 statim
821 2783 892 2861 ejus
921 2777 1171 2842 admirationem
1200 2785 1347 2843 transeat
1377 2779 1439 2858 (νε.
1460 2783 1523 2844 339
1542 2779 1617 2863 sq).
1667 2779 1870 2845 Prudentiae

135 2901 218 2946 vero
241 2890 274 2945 et
295 2881 489 2946 calliditatis
510 2881 600 2966 quod
621 2879 728 2943 edere·
740 2886 870 2963 poteret
890 2880 1052 2965 specimen
1074 2881 1277 2967 praeclarius
1294 2901 1331 2942 ac
1346 2879 1556 2960 luculentius,
1570 2899 1666 2964 quam
1686 2881 1775 2965 quod
1796 2901 1871 2965 per-

137 2984 254 3047 suadet
281 2981 414 3062 avibus,
450 2991 485 3046 ut
513 2998 580 3047 rem
608 2980 771 3066 incipiant
799 2981 1032 3064 perridiculam
1060 3000 1097 3046 ac
1121 3000 1259 3061 ¹uanam,
1288 2988 1385 3066 atque
1414 2981 1540 3067 decipit
1568 2983 1703 3045 deorum
1731 2981 1868 3064 legatos.
1945 3019 1948 3025 ·

90 3166 93 3171 ἶ
138 3083 205 3148 Sed
227 3104 308 3147 cave
329 3102 401 3146 eum
424 3081 556 3146 referas·
569 3081 605 3143 in
628 3101 798 3144 numerum
819 3081 941 3146 civium
969 3080 1112 3148 istorum
1133 3081 1396 3146 turbulentorum
1424 3105 1461 3148 au
1481 3082 1730 3164 seditiosorum,
1757 3083 1870 3167 quales

138 3183 372 3248 describuntur
391 3183 429 3244 in
451 3175 634 3264 equitibus,
655 3181 713 3264 qui
734 3182 828 3244 nulla
850 3181 917 3246 alia
939 3203 974 3245 re
994 3183 1099 3264 magis
1121 3182 1371 3248 delectabantur
1390 3202 1485 3268 quam
1508 3185 1650 3266 strepitu
1672 3203 1710 3246 oc
1730 3183 1870 3247 tumultu

137 3285 223 3363 fori,
250 3304 355 3368 neque
376 3281 412 3344 in
433 3302 569 3345 numero
590 3281 760 3344 habendus
781 3289 832 3345 est
855 3268 1096 3345 rhetorum'vel
1116 3281 1350 3369 sophistarum.
1399 3283 1601 3368 Quemquam
1626 3303 1690 3346 non
1713 3282 1870 3346 abhorret

137 3385 178 3446 ab
200 3382 338 3446 istorum
360 3382 528 3447 hominum
549 3383 697 3445 moribus
717 3380 1099 3466 consuetudinibusque,
1113 3389 1148 3444 et
1167 3382 1351 3464 fraudium,
1373 3382 1595 3464 fallaciarum,
1616 3373 1870 3447 ¹mendaciorum

136 3482 438 3568 peritissimum-se
466 3479 613 3546 exhibet.
651 3485 782 3564 -rltque¹
804 3486 925 3544 tautam
940 3476 1005 3546 sui
1034 3481 1290 3546 admirationem·
1314 3486 1441 3568 upupae
1470 3482 1648 3568 avibusque
1678 3481 1805 3564 injicit,
1833 3490 1870 3545 ut
1953 3540 1962 3558 ,.

137 3581 272 3648 summis
293 3570 398 3645 abiis
420 3581 574 3645 lendibus
596 3581 631 3642 in
653 3580 780 3644 coelum
802 3580 983 3645 extollatur
1000 3572 1063 3661 (vs.
1081 3584 1159 3661 3183
1181 3586 1262 3660 4093
1280 3586 1371 3665 412),
1390 3583 1436 3646 ad
1458 3582 1640 3668 ipsumque,
1662 3584 1774 3666 utqui
1797 3581 1869 3644 uni·

137 3703 194 3746 cus
224 3681 275 3745 rei
305 3680 527 3766 perficiendae
554 3684 652 3766 aptus
678 3681 739 3762 sit,
774 3680 919 3767 omnium
953 3680 1123 3761 voluntate
1140 3688 1197 3746 ‘ac'
1223 3701 1383 3747 consensu
1411 3695 1535 3746 summa
1563 3701 1672 3746 rerum
1701 3682 1869 3746 deferatur

138 3784 199 3861 (vs.
222 3786 283 3847 626
304 3783 367 3866 sq.)
896 3836 906 3857 ,
1171 3788 1176 3805 ’·

220 3881 402 3966 Euelpides
420 3882 498 3966 ipse
519 3882 653 3946 nomine
675 3889 824 3946 naturam
846 3878 936 3946 suam
959 3887 1053 3968 atque
1074 3882 1219 3947 indolem
1240 3883 1324 3948 ¹sutis
1345 3881 1484 3961 indicat3
1507 3883 1625 3962 estis,
1648 3881 1705 3965 qni
1726 3882 1869 3944 libenter

139 3985 210 4067 spei
232 3983 350 4067 cuique
371 3981 552 4067 indulgeat,
575 3981 632 4064 qui
653 3981 754 4046 facile
775 3983 815 4045 ab
832 3971 910 4047 eliis
932 4003 967 4046 se
988 3981 1063 4046 duci
1086 3989 1119 4046 et
1140 3984 1212 4066 regi
1232 3982 1386 4065 patiatur,
1408 3981 1466 4066 qui
1480 3981 1601 4063 omnia,
1623 4001 1706 4066 quae
1728 3981 1797 4046 dux
1818 3981 1868 4043 in·

139 4083 223 4166 cipit
250 4091 283 4146 et
310 4081 464 4162 molitur,
493 4101 631 4146 assensu
656 4103 716 4147 suo
743 4083 950 4166 com·probet;
979 4082 1028 4146 es't
1048 4087 1121 4164 ejus
1145 4081 1308 4163 famulus,
1337 4081 1384 4150 uti
1407 4080 1608 4146 Suevernius
1628 4082 1714 4145 dicit
1734 4085 1779 4167 (p.
1800 4081 1867 4162 35),

139 4181 278 4265 ignavus
300 4203 402 4267 aeque
425 4200 462 4245 ac
483 4182 636 4245 dominus
658 4181 741 4264 ipse,
764 4203 869 4267 neque
890 4200 971 4259 rere
992 4181 1116 4266 is,·³qui
1129 4181 1322 4266 'periculum
1337 4182 1470 4246 'instans
1480 4180 1625 4247 callidis
1647 4182 1813 4247 artibusa
1832 4202 1869 4246 se

139 4281 316 4359 defendat3
337 4283 459 4367 loquax
482 4281 744 4363 (cfr.vs,69sq.·),
768 4288 804 4344 ut
825 4290 876 4345 est
896 4289 1061 4361 senectam
1084 4301 1186 4365 quare
1207 4281 1279 4366 ipse
1294 4281 1367 4346 fere
1380 4280 1793 4362 solus,Pisthetaero.non
1814 4284 1868 4344 in·

139 4381 353 4467 terpellante5
374 4389 408 4446 et
428 4402 501 4451 cum
516 4381 681 4449 Trochilo
702 4389 736 4444 et
756 4402 827 4445 eum
846 4382 959 4445 Tereo
980 4381 1191 4466 colloquitur,
1211 4389 1246 4446 et
1264 4377 1307 4445 hb
1328 4402 1399 4446 eam
1422 4401 1490 4446 rem
1512 4382 1711 4467 aptissimus,
1731 4381 1869 4466 qui-do·

139 4483 224 4547 mini
245 4480 412 4547 orationes
435 4489 469 4546 et
489 4481 730 4568 explicationes
758 4500 1002 4569 saepenumero
1015 4483 1104 4565 jocis
1126 4483 1269 4559 ,iberus
1290 4483 1508 4567 interrumpat
1528 4484 1603 4562 (cir.
1625 4502 1675 4546 νε.
1690 4480 1768 4557 arm
1790 4487 1867 4560 4793

139 4587 218 4660 4803
247 4584 308 4648 486
329 4601 395 4666 atq-3
424 4586 484 4650 493
504 4605 553 4667 sq.
576 4584 662 4662 etc).
714 4583 738 4646 Α
769 4590 915 4667 quo,·ut
940 4583 1047 4647 socius
1075 4588 1110 4646 et
1136 4583 1269 4668 adjutor
1288 4582 1335 4648 'sit
1362 4583 1478 4648 avibus
1499 4583 1536 4645 in
1556 4580 1761 4647 aedificanda
1782 4604 1869 4646 nora

140 4686 232 4765 urbe,
254 4683 291 4745 in
313 4702 419 4745 aerem
442 4681 571 4758 missus,
593 4701 782 4768 quamquam
797 4680 934 4758 invituS,
956 4686 1014 4747 sed
1036 4684 1168 4749 blandis
1189 4683 1318 4747 domini
1338 4685 1452 4750 verbis
1473 4704 1551 4747 mox
1572 4681 1716 4767 placatus
1738 4684 1869 4749 decedit

141 4783 203 4861 (νε.
226 4785 287 4848 837
309 4783 383 4866 sq).
407 4815 447 4828 -·-
477 4783 520 4845 At
548 4782 769 4862 SueverniuS,
800 4788 892 4867 cujus
918 4783 1026 4849 animo
1055 4805 1219 4870 nunquam
1246 4804 1315 4847 non
1336 4787 1532 4855 obversatur
1552 4781 1723 4869 expeditio
1746 4785 1867 4864 Sicula,

141 4902 300 4965 personas
320 4881 429 4944 avium
452 4878 574 4965 incepti
596 4889 745 4949 auctores
761 4903 832 4946 -uon
855 4903 898 4956 ex
919 4884 991 4949 sola
1011 4891 1125 4969 poetae
1146 4890 1256 4957 mente
1277 4890 1311 4949 et
1331 4886 1531 4969 cogitatione
1552 4884 1677 4950 effictas
1700 4905 1787 4966 esse,
1809 4886 1869 4950 sed

140 4980 185 5046 iis
207 4981 407 5066 respondere
429 4982 566 5062 debere,
597 4981 651 5067 qui
674 4983 709 5045 in
732 4981 792 5047 illa
815 4984 1030 5068 expeditione
1051 4984 1217 5050 suadenda
1239 4993 1272 5049 et
1292 4983 1493 5069 perficienda
1515 4983 1642 5053 similes
1663 4985 1870 5069 susceperint
